4934 5950
1009 618 1187 692 mlh

256 827 421 896 vicibus
444 834 611 912 ceteroque
634 830 788 913 apparatu
811 825 1016 912 exequendae
1038 827 1083 891 rei
1098 825 1200 892 XXX
1223 834 1255 892 st
1277 825 1341 893 duo
1365 826 1433 893 dies
1456 827 1617 913 absumpti
1640 834 1722 892 sunt.
1748 826 1838 909 VIII,
1853 829 1884 909 S,
1903 830 1953 895 11.
1999 829 2072 896 Rex

259 934 426 1018 benignius
448 953 543 1019 quam
566 933 645 998 alies
668 931 834 997 adlocutus
857 932 1019 999 discedere
1041 952 1096 999 eos
1119 931 1168 996 od
1191 932 1374 998 curando
1397 954 1593 1021 corpora,
1623 934 1773 1019 quoniam
1795 940 1864 1000 tote
1886 942 1979 1001 noete
2000 956 2071 1022 per-

257 1041 419 1121 stitissent,
450 1040 548 1106 iubet.
585 1039 674 1121 VIII,
698 1040 728 1121 6,
755 1041 806 1107 19.
853 1039 991 1116 Quidam
1021 1038 1171 1121 adiciunt,
1206 1059 1279 1105 cum
1302 1039 1494 1105 Hermolaus
1517 1038 1604 1127 apud
1627 1059 1699 1105 eum
1722 1060 1848 1125 quoque
1870 1040 2072 1113 verberatum

257 1167 292 1213 se
314 1167 334 1210 a
355 1166 430 1231 rege
453 1152 646 1235 quereretur,
669 1143 789 1211 dixisse
811 1144 1034 1226 Callisthenen,
1057 1147 1239 1213 meminisse
1261 1144 1378 1212 dehere
1399 1166 1454 1212 eos
1477 1147 1540 1210 iam
1564 1146 1649 1209 viros
1672 1167 1755 1214 esse:
1785 1146 1881 1232 idque
1905 1146 1954 1212 ad
1977 1168 2071 1214 con-

252 1252 469 1319 solandam
491 1252 744 1339 patientiam
766 1252 935 1318 verberum
957 1273 998 1318 an
1021 1252 1071 1318 ad
1094 1251 1356 1317 incitandum
1379 1254 1529 1317 iuvenum
1554 1249 1743 1317 dolorem
1765 1251 1886 1317 dictum
1911 1262 2002 1333 esset,
2037 1255 2071 1319 in

255 1359 405 1445 ambiguo
428 1359 534 1425 fuisse.
559 1358 648 1440 VIII,
671 1361 701 1441 6,
725 1358 778 1426 25.
824 1360 965 1425 Invicem
994 1361 1078 1426 enim
1107 1361 1294 1425 miserorum
1322 1360 1420 1425 uteris
1452 1358 1599 1423 menibus
1633 1357 1682 1422 ed
1711 1358 1954 1446 expetenda
1976 1380 2071 1447 sup·

254 1467 384 1554 plicia
405 1474 448 1547 et,
475 1485 556 1552 qnos
578 1466 673 1553 paulo
697 1474 772 1531 ente
793 1466 954 1531 ministros
977 1465 1082 1533 caedis
1106 1466 1253 1547 habuisti,
1277 1465 1383 1533 subito
1407 1465 1448 1529 ab
1472 1465 1542 1531 eliis
1564 1465 1655 1531 iubes
1679 1464 1838 1531 trucidari
1868 1465 1961 1545 VIII,
1984 1469 2014 1548 l,
2038 1467 2068 1533 6.

254 1571 331 1654 Sed,
353 1593 392 1638 ne
416 1573 518 1637 otium
541 1572 731 1638 serendis
754 1573 989 1637 rumoribus
1013 1581 1141 1637 natum
1165 1573 1272 1652 aleret,
1295 1572 1329 1636 in
1345 1570 1469 1635 Indiam
1492 1571 1601 1651 movit,
1625 1591 1751 1658 semper
1773 1572 1857 1637 bello
1880 1593 1976 1658 quam
1999 1581 2072 1659 post

252 1679 419 1744 1101111111
442 1678 563 1743 clarior.
593 1678 738 1760 Vnus,
764 1682 791 1743 1.
837 1679 983 1746 Ceterum
1018 1698 1102 1765 quse
1131 1679 1279 1765 propiora
1301 1686 1375 1743 sunt
1396 1678 1485 1758 mari,
1520 1677 1668 1762 aquilone
1702 1678 1843 1744 maxime
1878 1677 2069 1747 deuruntur:

252 1787 280 1850 is
303 1785 461 1850 cohibitus
485 1785 567 1869 iugis
589 1786 745 1852 montium
767 1784 809 1850 ed
831 1787 980 1852 interiore
1002 1807 1066 1851 non
1089 1792 1234 1873 penetret
1255 1786 1301 1849 ite
1325 1783 1474 1850 alendis
1497 1783 1676 1868 frugibus
1698 1785 1814 1850 mitia.
1845 1783 1937 1867 VIII,
1960 1789 1991 1868 9,
2017 1786 2068 1854 12.

252 1889 341 1959 Ares
364 1891 413 1955 ad
435 1891 687 1958 imitandum
708 1893 867 1958 humanas
889 1894 975 1959 voois
998 1913 1139 1958 sonum
1162 1892 1281 1961 dociles
1303 1898 1386 1957 sunt.
1410 1891 1502 1972 VIH,
1525 1893 1555 1973 9,
1581 1893 1631 1956 16.
1679 1891 1829 1957 Getarum
1845 1912 1917 1958 cum
1933 1894 2070 1981 emplius

251 2018 345 2067 nemo
369 2006 556 2078 occurreret,
586 1998 861 2086 Hephaestionem
890 2008 923 2066 et
947 1998 1122 2066 Perdiccan
1145 2020 1217 2064 cum
1240 2001 1403 2086 copiarum
1425 2006 1514 2085 perte
1537 1999 1701 2085 praemisit
1723 1998 1772 2064 ed
1795 1999 2068 2086 suhIgendoa,

251 2104 321 2189 qui
344 2112 649 2170 aversarentur
670 2107 903 2192 Imperium,
935 2107 1089 2192 iussitque
1111 2105 1154 2171 ed
1175 2107 1295 2171 flumen
1317 2104 1433 2171 Indum
1455 2104 1627 2191 procedere
1650 2112 1683 2171 et
1704 2107 1833 2191 navigit
1854 2107 1966 2187 lacere,
1996 2109 2067 2192 quis

249 2203 285 2274 in
307 2211 460 2274 ulteriore
482 2213 688 2297 transportari
715 2223 824 2298 posset
853 2213 1019 2279 exercitus.
1054 2212 1145 2294 VIII,
1171 2216 1221 2293 10,
1245 2215 1275 2278 2.
1319 2212 1416 2297 Ergo,
1449 2213 1531 2277 dont
1563 2213 1753 2298 imperatum
1787 2221 1863 2293 erat,
1898 2213 1952 2277 alii
1974 2221 2067 2279 extra

251 2316 365 2383 urbem
400 2323 485 2382 tecte
517 2317 772 2383 demoliebantur
803 2320 1026 2405 ingentemque
1060 2321 1125 2385 vim
1158 2320 1310 2385 materiae
1344 2317 1536 2383 faciendo
1572 2319 1712 2403 aggeri
1748 2317 1977 2400 detrahebant,
2014 2322 2070 2385 alii

251 2443 440 2507 magnarum
462 2423 613 2489 arborum
634 2425 757 2512 stipites
780 2447 850 2491 cum
872 2427 970 2491 ramis
993 2448 1030 2491 ac
1051 2428 1152 2492 moles
1174 2446 1325 2491 saxorum
1347 2427 1379 2489 in
1410 2445 1561 2490 cavernas
1598 2423 1785 2492 deiciebent.
1820 2425 1914 2507 VIII,
1940 2429 1990 2507 10,
2013 2428 2067 2493 39.

251 2528 314 2594 Ad
342 2550 388 2594 ee
418 2530 592 2596 visenda
622 2552 680 2597 rex
701 2533 844 2598 nondum
867 2532 1006 2599 obducta
1027 2535 1150 2600 vulneri
1173 2533 1317 2598 0101111101
1338 2532 1492 2618 prooessit
1514 2530 1713 2617 auramque
1728 2532 1882 2597 militibus
1905 2531 2069 2600 1111101011

253 2636 416 2705 machinas
438 2636 539 2717 iussit,
562 2658 580 2702 e
603 2638 718 2722 quibos
741 2640 852 2724 ingens
874 2641 923 2703 vis
945 2642 1080 2706 telorum
1102 2641 1135 2705 in
1157 2645 1409 2727 propugnatores
1431 2635 1533 2704 effuse
1556 2646 1612 2704 est
1646 2637 1737 2720 VIII,
1763 2641 1813 2718 10,
1837 2642 1890 2706 31.
1937 2639 2068 2706 LXXX

252 2742 374 2807 talenta
406 2743 570 2809 constitnit
603 2743 753 2810 daturum
785 2745 971 2812 Alexander
1004 2756 1035 2813 et
1069 2749 1169 2813 altero
1202 2768 1243 2813 ex
1276 2744 1445 2811 iuvenibus
1476 2745 1588 2811 obside
1619 2752 1741 2811 retento
1773 2747 1877 2832 ipsum
1900 2746 1949 2811 ad
1972 2768 2068 2813 exe·

251 2847 432 2934 quenda,
457 2869 562 2933 qnae
584 2850 817 2931 obtulerat,
841 2852 970 2920 dimisit.
1004 2854 1094 2934 VIII,
1119 2857 1169 2933 ll,
1193 2856 1222 2917 4.
1268 2853 1416 2918 Oeterom
1439 2853 1472 2915 in
1494 2850 1706 2916 Macedonum
1729 2853 1870 2918 exercitu
1893 2855 2069 2919 temeritato

258 2962 353 3041 atque
377 2954 511 3020 audacia
531 2956 670 3041 insignes
692 2957 780 3024 luere
803 2957 1013 3047 Symmachus
1035 2967 1068 3027 et
1088 2960 1236 3039 Nicanor,
1269 2958 1391 3024 nobiles
1420 2959 1550 3023 iuvenes
1581 2966 1613 3024 et
1638 2966 1791 3047 perpetua
1814 2961 1950 3047 partium
1971 2960 2068 3028 felici·

256 3071 323 3127 tete
347 3062 396 3126 ad
419 3062 698 3149 spernendum
722 3086 836 3131 omne
858 3069 1091 3154 pericnlum
1113 3068 1290 3134 accensi.
1321 3065 1415 3146 VIII,
1441 3068 1491 3144 13,
1517 3068 1567 3131 13.
1614 3064 1799 3132 Alexander
1827 3069 1917 3154 inops
1945 3067 2069 3134 consilii

259 3168 387 3234 tandem
412 3169 460 3233 ad
484 3169 715 3236 fallendum
740 3173 898 3239 hostem
921 3176 1016 3240 telem
1039 3174 1149 3241 dolum
1171 3173 1315 3240 intendit.
1350 3172 1443 3253 VIII,
1468 3172 1519 3246 13,
1545 3173 1595 3237 17.
1638 3172 1718 3237 Erat
1748 3175 1849 3239 insula
1879 3175 1911 3239 in
1939 3177 2069 3246 flumine

258 3275 395 3362 amplior
426 3277 547 3356 ceteris,
581 3278 734 3343 siluestris
769 3278 879 3344 eedem
913 3288 946 3345 et
975 3282 1167 3366 tegendis
1190 3281 1359 3346 Insidiis
1382 3288 1486 3365 apte.
1522 3279 1613 3359 VIII,
1639 3280 1689 3354 13,
1716 3283 1765 3345 ll.
1811 3279 1997 3351 Alexander
2019 3285 2067 3350 od

254 3382 507 3446 vastandam
531 3404 616 3447 cam
639 3385 848 3469 regionem
869 3386 1022 3451 Perdicca
1046 3411 1117 3454 oum
1147 3387 1298 3476 expedite
1327 3406 1424 3452 manu
1454 3386 1549 3449 misso
1584 3395 1706 3472 partem
1737 3388 1897 3474 copiarum
1930 3390 2068 3456 Eumeni

256 3486 398 3569 tradidit,
429 3498 466 3552 ut
489 3491 516 3554 is
539 3510 664 3575 quoque
687 3491 840 3556 barbaros
862 3492 903 3555 ad
926 3492 1118 3560 deditionem
1143 3496 1359 3581 compelleret:
1393 3494 1461 3580 ipse
1491 3501 1610 3558 ceteros
1640 3493 1682 3559 ad
1709 3495 1823 3560 urbem
1853 3497 2001 3578 relidam,
2035 3501 2067 3564 in

199 3652 201 3656 ,
259 3612 355 3675 quem
379 3595 511 3658 aliarum
535 3616 660 3680 quoque
682 3598 887 3682 confugerant
909 3600 1039 3682 incolae,
1073 3602 1174 3668 duxit
1207 3601 1267 3679 IX,
1298 3600 1401 3679 1,19.
1446 3601 1517 3676 Quo
1549 3600 1679 3666 vulnere
1712 3601 1857 3668 adflictus
1890 3625 2006 3690 magne
2036 3609 2067 3671 ri
2169 3651 2174 3662 ·

258 3699 422 3802 sanguims
456 3701 609 3765 emicante
643 3704 764 3767 remisit
797 3725 884 3769 erma
914 3707 1105 3774 morIbundo
1135 3709 1247 3773 similis
1276 3706 1420 3790 adeoque
1442 3706 1608 3784 resolutus,
1639 3715 1676 3771 ut
1696 3728 1736 3772 nc
1759 3708 1807 3772 ad
1831 3712 2066 3782 vellendum

256 3804 424 3888 quidem
449 3807 577 3872 telum
605 3808 767 3874 sufficeret
796 3810 918 3877 denne
953 3813 1065 3895 1x‚o,
1091 3817 1142 3883 10.
1188 3819 1300 3903 ltaque
1334 3820 1383 3883 ed
1417 3825 1679 3912 spoliandum
1714 3840 1835 3905 corpus,
1869 3819 1923 3902 qui
1957 3821 2067 3885 vulne·

255 3921 389 3990 roraret,
412 3914 517 3980 alacer
529 3914 647 3999 gaudio
663 3918 808 3982 accurrit.
831 3918 891 3999 IX,
914 3922 1013 4000 5,11.
1052 3922 1175 3988 Romus
1190 3925 1347 3993 Musicani
1362 3929 1552 4012 defecerunt,
1579 3932 1626 3996 ad
1649 3951 1749 4017 quos
1772 3909 2065 4016 opprimendos

251 4018 368 4083 missus
391 4028 439 4083 est
460 4019 589 4102 Pithon,
611 4025 666 4108 qui
689 4033 816 4111 ceptum
838 4027 1012 4114 principem
1025 4030 1129 4115 gentis
1144 4031 1343 4120 eundemque
1358 4035 1542 4104 defectionis
1558 4049 1717 4104 auctorem
1733 4036 1870 4101 adduxit
1884 4033 1926 4098 ed
1948 4054 2063 4118 regem.

253 4121 314 4204 IX,
338 4126 367 4205 8,
394 4127 444 4190 16.
489 4126 573 4192 Ihm
595 4130 691 4194 aliam
715 4132 850 4197 insulam
873 4133 978 4199 medio
1002 4139 1087 4202 amni
1110 4139 1204 4204 sitam
1227 4143 1328 4207 evecti
1351 4147 1447 4230 paulo
1471 4147 1593 4226 lentius,
1622 4147 1696 4231 quia
1719 4165 1827 4208 01111111
1850 4151 1939 4207 aestu
1962 4161 2066 4205 rever·

252 4229 437 4314 berebatur,
453 4232 614 4320 adplicant
628 4236 760 4302 classem
776 4245 809 4303 et
823 4238 870 4302 ad
895 4252 1141 4309 commeatus
1163 4248 1347 4331 petendos
1362 4250 1548 4332 discurrunt,
1564 4253 1666 4317 soceri
1682 4272 1773 4316 casus
1788 4251 1865 4330 eius,
1888 4250 1942 4335 qui
1957 4265 2066 4334 super·

248 4337 337 4402 nouit
359 4339 485 4423 ignaris.
519 4339 580 4422 IX,
603 4342 634 4422 9,
657 4343 687 4407 8.
735 4344 893 4430 Coeperat
914 4367 983 4411 esse
1005 4369 1155 4435 praeceps
1178 4373 1237 4417 rex
1264 4354 1311 4418 ad
1343 4358 1699 4444 repraesentanda
1729 4358 1954 4444 supplicia,
1988 4356 2065 4421 item

249 4440 299 4506 ed
321 4442 542 4510 deteriore
563 4448 787 4515 credenda:
821 4452 940 4518 scilieet
969 4475 1018 4520 res
1048 4456 1206 4523 secundae
1229 4461 1336 4526 valent
1359 4473 1553 4530 commutare
1575 4477 1721 4530 neumam
1745 4474 1776 4530 et
1799 4486 1870 4530 raro
1894 4466 2061 4551 quisquam

250 4568 326 4632 ergo
349 4549 434 4614 bona
462 4571 521 4614 sua
549 4555 625 4619 satis
655 4563 765 4620 cautus
796 4567 851 4623 est.
887 4558 929 4639 X,
956 4564 982 4640 1,
1006 4562 1058 4629 39.
1107 4565 1190 4640 Quin
1223 4568 1322 4651 igitur
1356 4569 1403 4633 ad
1438 4570 1706 4659 diripiendos
1741 4573 1961 4638 thesauros
1998 4568 2061 4634 die-

112 4667 116 4673 ·
248 4655 394 4720 curritis?
433 4656 545 4721 herum
579 4663 663 4725 enim
697 4684 793 4750 opum
827 4666 985 4749 regiarum
1019 4671 1129 4756 utique
1161 4674 1298 4759 populus
1332 4684 1381 4742 est
1414 4678 1514 4744 heres.
1551 4678 1593 4756 X,
1617 4681 1646 4761 6,
1672 4682 1723 4746 23.
1770 4679 1923 4743 Placebat
1954 4685 2060 4743 autem

245 4759 368 4843 legatos
402 4762 444 4828 ad
477 4766 598 4848 equites
632 4769 713 4833 mitti
750 4770 799 4837 de
831 4771 1020 4839 finienda
1054 4777 1267 4844 discordia
1301 4784 1512 4869 armisque
1547 4786 1765 4871 ponendis.
1799 4784 1841 4862 X,
1866 4786 1895 4864 8,
1922 4787 1973 4850 14.
2018 4784 2061 4865 Et

245 4864 339 4930 credo
361 4866 502 4932 nondum
527 4871 609 4954 regis
632 4893 761 4960 corpore
783 4878 908 4963 sepulto
932 4880 979 4943 ed
1002 4886 1263 4967 praestanda
1293 4890 1322 4953 ei
1345 4890 1459 4955 iusta
1482 4892 1585 4955 omnis
1608 4914 1678 4957 esse
1702 4892 1849 4957 coituros.
1885 4891 1927 4971 X,
1952 4894 1982 4972 8,
2009 4893 2060 4957 18.

178 5051 183 5058 ⁸
243 4969 405 5058 Septimus
428 4973 496 5040 dies
518 4985 594 5056 erat,
617 4999 659 5044 en
681 5001 743 5066 quo
767 5004 880 5070 corpus
903 4989 986 5072 regis
1008 4989 1133 5057 iacebat
1153 4992 1187 5056 in
1210 4994 1301 5074 solio,
1332 4997 1415 5060 curis
1437 4997 1578 5062 0100111111
1602 4997 1651 5060 ad
1675 4996 1935 5063 formandum
1958 4999 2059 5085 pub·

238 5078 363 5150 licum
398 5086 553 5146 statum
588 5105 608 5146 a
642 5099 707 5150 tam
740 5090 885 5156 sollemni
920 5114 1051 5160 munere
1084 5098 1212 5163 evomis.
1249 5099 1291 5178 X,
1327 5104 1377 5181 19,
1406 5103 1437 5167 e.
1492 5103 1595 5189 Saepe
1629 5113 1712 5169 certe
1749 5103 1857 5169 audite
1892 5115 1960 5171 eret
1993 5126 2059 5170 vox
