4934 5950
407 800 532 857 noctem
556 810 626 855 cum
649 807 764 873 magno
788 788 884 852 animi
907 793 997 853 motu
1019 788 1178 874 perpetuis
1200 787 1317 871 vigiliis
1339 787 1412 872 egit.
1444 786 1519 867 VH,
1543 789 1573 867 5,
1600 787 1649 850 16.
1694 786 1825 873 Iamque
1848 786 1893 851 ad
1915 787 2217 874 persequendum

407 897 581 962 Bessum
603 902 758 962 statuerat
778 892 937 981 progredi,
972 914 1045 958 cum
1066 915 1114 975 ea,
1148 913 1229 979 quae
1258 895 1291 958 in
1315 892 1484 978 Sogdianis
1508 900 1606 973 erant,
1638 895 1808 977 cognoscit.
1842 892 1916 974 VII,
1938 895 1968 975 5,
1995 895 2045 959 19.
2091 894 2217 961 Interea

406 1001 597 1068 Macedones
623 1002 670 1067 ad
693 999 912 1088 petendum
936 1000 1133 1087 pabulum
1164 1001 1361 1086 inconposito
1384 1000 1510 1084 agmine
1533 999 1651 1084 egressi
1674 1020 1693 1061 a
1716 999 1869 1081 barbaris,
1903 1000 1957 1087 qui
1991 1000 2032 1066 de
2062 1002 2217 1088 proximis

406 1109 568 1174 montibus
590 1107 804 1187 decurrerunt,
827 1108 1049 1194 opprimuntur
1069 1107 1239 1192 pluresque
1261 1107 1344 1193 capti
1367 1113 1442 1170 sunt
1463 1127 1557 1191 quam
1581 1105 1690 1170 occisi:
1713 1105 1841 1170 barbari
1856 1114 1963 1172 autem
1979 1109 2120 1194 captivos
2142 1129 2218 1195 prae

407 1236 441 1281 se
464 1222 593 1301 agentes
616 1233 724 1278 mrsus
746 1198 942 1277 in'montem
964 1219 1168 1279 recesserunt.
1203 1212 1388 1293 VH,6,1.
1435 1211 1686 1279 condendae
1715 1212 1809 1277 urbi
1842 1213 1950 1279 sedem
1984 1234 2079 1301 super
2110 1215 2212 1300 ripam

406 1321 524 1387 Tanais
547 1322 695 1407 elegerat,
726 1320 898 1384 claustrum
928 1328 960 1384 et
987 1320 1051 1383 iam
1080 1318 1330 1406 perdomitorum
1359 1326 1392 1385 61
1412 1328 1490 1405 6661
1516 1318 1632 1384 161616
1663 1317 1751 1383 61166
1780 1317 1972 1387 decreverat.
2008 1319 2084 1401 VII,
2107 1322 2137 1402 6,
2162 1321 2214 1387 13.

405 1427 452 1494 At
472 1428 518 1493 illi
541 1426 736 1508 defectionis,
766 1424 815 1490 ad
838 1447 953 1511 quam
977 1425 1244 1491 coercendam
1267 1428 1489 1506 evocabuntur,
1513 1434 1665 1507 auctores,
1689 1426 1897 1510 vulgaverant
1911 1427 2005 1509 fama,
2028 1427 2215 1493 Bactrianos

406 1536 527 1620 equites
550 1554 570 1597 a
591 1553 666 1618 rege
695 1552 812 1613 omnes,
846 1540 883 1596 61
915 1530 1140 1612 occiderentur,
1175 1533 1291 1597 accersi
1319 1531 1416 1619 idque
1445 1533 1634 1618 imperatum
1663 1532 1756 1619 ipsis:
1790 1552 1855 1597 non
1888 1533 2075 1599 sustinuisse
2109 1542 2215 1599 tamen

406 1641 530 1725 exequi,
552 1662 593 1704 ne
614 1638 807 1726 inexpiabile
828 1640 862 1703 in
883 1639 1052 1726 populares
1074 1638 1195 1703 facinus
1211 1638 1423 1705 admitterent.
1447 1638 1567 1719 VII,6,
1586 1637 1635 1704 15.
1683 1636 1743 1702 Ad
1765 1659 1935 1723 quorum
1958 1639 2218 1724 pertinaciam

405 1745 674 1831 mitigandam
696 1766 753 1810 rex
775 1745 804 1809 L
827 1746 949 1832 equites
971 1745 1145 1831 praemisit,
1176 1746 1231 1829 qni
1266 1746 1464 1810 clementiam
1486 1745 1586 1832 ipsius
1607 1747 1641 1809 in
1663 1743 1787 1810 deditos
1810 1744 1966 1830 simulque
1987 1744 2217 1810 inexorabilem

406 1855 546 1919 6616666]
578 1854 610 1917 16
644 1851 786 1917 devictos
819 1850 1029 1918 ostenderent.
1068 1850 1142 1933 VII,
1172 1853 1202 1931 6,
1236 1850 1286 1915 17.
1332 1849 1378 1917 At
1408 1872 1467 1915 rex
1500 1850 1699 1938 Scythamm,
1735 1850 1823 1914 cuius
1856 1858 1925 1915 tum
1958 1852 2043 1915 ultra
2076 1849 2211 1916 Tanaim

404 1961 573 2047 imperium
596 1966 672 2040 erat,
695 1966 781 2023 66166
803 1978 874 2023 eam
895 1959 1016 2039 urbem,
1050 1977 1146 2043 quam
1177 1959 1210 2022 16
1245 1958 1314 2045 6166
1343 1958 1444 2021 amnis
1473 1955 1665 2022 Macedones
1697 1954 1912 2038 condiderant
1947 1958 2012 2022 suis
2044 1958 2215 2044 inpositam

405 2088 474 2133 esse
497 2065 681 2146 6666161166,
703 2065 841 2146 fratrem,
863 2064 1043 2129 Carthasim
1065 2065 1201 2146 nomine,
1235 2086 1306 2130 cum
1340 2083 1455 2149 magna
1484 2064 1625 2149 equitum
1655 2083 1751 2128 manu
1781 2063 1866 2128 misit
1896 2063 1944 2128 ad
1967 2063 2217 2130 diruendam

405 2192 490 2238 eam
512 2172 739 2259 proculque
761 2192 873 2236 amne
896 2169 1200 2235 submovendas
1223 2169 1487 2236 Macedonum
1518 2171 1634 2257 copias.
1670 2169 1744 2250 Vll,
1775 2169 1858 2251 7,1.
1907 2170 1992 2236 Satis
2023 2172 2138 2237 virium
2169 2178 2218 2236 est

405 2278 454 2344 ad
476 2277 694 2343 toleranda
715 2278 811 2342 ista:
834 2284 899 2357 aut,
922 2277 949 2340 si
971 2278 1034 2342 iam
1058 2276 1147 2343 61661
1170 2278 1255 2342 vitae
1277 2298 1368 2343 meae
1388 2276 1469 2357 finis,
1491 2278 1524 2340 in
1547 2297 1610 2363 quo
1632 2276 1760 2342 tandem
1776 2298 1871 2364 opere
1890 2280 2004 2343 melius
2023 2277 2218 2362 extinguar?

404 2385 478 2466 VII,
511 2387 540 2466 7,
572 2387 621 2450 19.
665 2382 899 2464 Menedemum,
932 2393 968 2447 ut
1000 2404 1096 2469 supra
1126 2383 1247 2448 dictum
1280 2393 1337 2459 est,
1372 2384 1502 2448 miserat
1535 2382 1577 2447 ad
1611 2382 1882 2449 obsidendum
1917 2384 2215 2470 Spitamenen,

404 2491 593 2557 Bactrianae
616 2489 799 2554 delectionis
822 2496 992 2571 auctorem.
1027 2489 1101 2569 VII,
1126 2491 1155 2570 7,
1178 2493 1230 2554 31.
1276 2491 1426 2555 Silvestre
1448 2492 1508 2554 iter
1537 2498 1674 2576 aptum
1702 2490 1873 2555 insidiis
1903 2490 2098 2575 tegendis
2132 2497 2217 2555 orat:

405 2598 450 2662 ibi
472 2596 583 2661 Dahas
606 2593 756 2659 condidit
778 2594 853 2676 VII,
878 2597 907 2674 7,
930 2598 981 2660 32.
1029 2594 1075 2660 At
1096 2605 1140 2675 tu,
1164 2597 1217 2681 qui
1241 2596 1281 2661 16
1303 2597 1448 2680 gloriaris
1471 2595 1519 2659 ad
1542 2598 1727 2661 latrones
1750 2597 2066 2682 persequendos
2091 2598 2208 2669 venire.

406 2704 547 2768 omnium
568 2702 718 2787 gentium,
740 2722 819 2787 6666
841 2701 944 2782 611611,
967 2702 1047 2767 latro
1071 2723 1113 2767 es.
1139 2701 1319 2783 v11,a,19.
1365 2702 1477 2787 116666
1501 2703 1641 2768 exercitu
1657 2711 1749 2766 aucto
1774 2701 1821 2765 ad
1845 2724 1906 2783 ea,
1929 2723 2011 2788 quae
2034 2702 2211 2768 delectione

404 2813 532 2876 arrhata
559 2817 657 2889 66661,
691 2808 957 2894 conponenda
989 2811 1142 2895 processit
1175 2810 1408 2896 interiectisque
1441 2810 1699 2874 consternationis
1732 2809 1914 2873 auctoribus
1944 2822 2057 2895 quarto
2089 2808 2142 2874 116
2175 2808 2217 2872 61

403 2917 521 2983 flumen
544 2916 652 2981 06666
674 2922 860 3001 perventum
883 2924 940 2983 est.
976 2915 1202 2996 7161616.
1248 2916 1434 2982 (limaeam
1463 2915 1512 2982 Vl
1538 2915 1703 3004 oppidis
1735 2914 1965 2982 condendis
1995 2916 2095 2982 616616
2123 2915 2215 2982 sedes

405 3032 467 3088 est:
491 3022 555 3086 duo
578 3021 621 3086 ad
642 3021 807 3085 meridiem
829 3041 930 3101 versa,
952 3022 1018 3087 1111
1033 3025 1209 3107 6666166116
1224 3024 1377 3087 orientem
1399 3023 1532 3087 modicis
1555 3025 1637 3087 16166
1658 3045 1693 3087 66
1715 3024 1827 3108 6661116
1850 3022 2029 3104 distabant
2043 3044 2082 3088 66
2106 3024 2217 3110 procul

404 3126 611 3216 repetendum
640 3135 724 3192 66661
746 3134 890 3191 mutuum
914 3128 1077 3191 auxilium.
1113 3126 1263 3209 VlI,10,
1289 3127 1337 3191 15.
1385 3127 1490 3193 Noctu
1524 3127 1661 3206 demum,
1696 3148 1766 3191 cum
1802 3129 1977 3193 obscuritas
2012 3138 2215 3215 conspectum

406 3237 569 3300 oculomm
591 3234 771 3315 ademisset,
802 3234 849 3299 ad
877 3233 1098 3299 curandum
1129 3255 1276 3320 corpus
1300 3236 1436 3300 recessit.
1472 3233 1700 3313 V1[‚11,2u.
1746 3231 1809 3297 Ad
1832 3255 1937 3319 quos
1962 3233 2219 3299 coercendos

404 3342 533 3406 Attinas
563 3343 700 3426 regionis
734 3343 801 3407 eius
832 3341 1017 3427 praefectus,
1051 3340 1133 3406 11011
1166 3341 1298 3426 6661166,
1333 3338 1528 3421 insidiarum,
1562 3361 1644 3425 quae
1677 3341 1881 3426 parabantur,
1916 3341 2055 3424 ignarus,
2092 3338 2214 3408 eduxit.

406 3447 499 3529 VIII,
524 3451 553 3529 1,
575 3450 606 3513 3.
652 3448 755 3531 Igitur
775 3446 809 3510 X
833 3446 947 3511 diebus
969 3447 1109 3511 maxime
1141 3446 1190 3510 ad
1222 3445 1542 3511 confirmandum
1576 3447 1776 3533 pudorem
1806 3445 1893 3531 apud
1915 3444 2220 3512 Maracanda'con·

405 3555 540 3639 sumptis
562 3573 635 3617 cum
657 3561 746 3640 parte
769 3553 925 3618 exercitus
940 3551 1212 3639 Hephaestionem
1233 3554 1266 3618 in
1282 3554 1444 3638 regionem
1458 3553 1661 3617 Bactrianam
1683 3554 1777 3633 misit,
1801 3560 1994 3618 commeatus
2018 3554 2051 3619 in
2073 3554 2210 3619 hiemem

406 3666 599 3747 paraturum.
632 3657 778 3740 vilan,
804 3660 855 3723 13.
901 3659 1033 3724 Interim
1066 3658 1113 3723 ad
1143 3659 1374 3744 augendam
1406 3658 1667 3725 formidinem
1703 3669 1734 3726 61
1764 3667 1864 3726 turres
1899 3659 2153 3727 admovebantur
2189 3667 2222 3727 et

407 3786 540 3831 excussa
563 3765 727 3831 tormentis
750 3767 813 3831 tela
834 3766 1005 3833 micabant.
1027 3765 1120 3846 VIII,
1144 3769 1173 3846 2,
1198 3768 1251 3831 26.
1298 3766 1424 3833 Relicta
1447 3766 1563 3832 deindo
1585 3767 1741 3853 phalange
1764 3766 1812 3831 ad
1836 3766 2094 3851 subigendos
2118 3766 2216 3850 Sag·

407 3872 573 3954 dianes,
605 3873 659 3958 qui
689 3870 876 3956 1616666661,
911 3893 982 3936 cum
1016 3873 1121 3958 equite
1154 3874 1322 3958 processit.
1359 3873 1449 3954 VIII,
1472 3874 1502 3955 2,
1526 3876 1578 3939 34.
1624 3873 1771 3939 (16166661
1806 3873 1894 3937 abire
1928 3882 2098 3960 conspectu
2128 3872 2216 3937 iubat

407 3977 517 4043 addito
540 3986 628 4043 metu
650 3979 770 4059 mortis,
793 3979 820 4042 61
844 4000 878 4043 66
901 3979 1001 4043 666116
1025 3980 1092 4043 eius
1116 3979 1291 4061 obtulisset,
1325 3987 1358 4045 et
1386 3978 1435 4043 ad
1466 3979 1718 4044 desiderium
1749 3977 1971 4044 levandum
1993 3989 2100 4045 noctes
2123 3999 2217 4064 agere

407 4085 489 4151 inter
511 4086 627 4172 6611666
649 4086 761 4172 coepit.
785 4084 877 4166 VIII,
900 4088 930 4169 3,
955 4087 985 4151 5.
1030 4087 1133 4163 Quam
1155 4093 1192 4151 ut
1206 4106 1383 4172 respersam
1398 4105 1509 4150 eruore
1524 4086 1698 4171 conspexit,
1722 4094 1821 4165 ratus,
1845 4084 1893 4149 ad
1916 4084 2220 4173 deplorandam

411 4193 704 4256 contumeliam
726 4192 861 4274 venisse,
883 4190 987 4258 dicere
1009 4212 1091 4277 quae
1106 4192 1201 4257 vellet
1222 4192 1320 4259 iubet.
1344 4189 1436 4273 VIII,
1460 4194 1490 4273 3,
1515 4195 1567 4258 ll.
1612 4192 1672 4257 Ille
1687 4193 1828 4257 maxima
1841 4194 2054 4279 praesentium
2070 4210 2216 4255 summm

409 4303 499 4383 parte
520 4297 673 4362 liberatus
696 4298 850 4363 convertit
871 4299 1011 4363 animum
1035 4298 1084 4362 ad
1107 4298 1394 4364 vindicandas
1416 4299 1593 4363 iniurias
1615 4319 1734 4382 eorum,
1757 4298 1871 4384 quibus
1894 4319 1914 4361 a
1935 4297 2133 4385 praetoribus
2155 4296 2221 4390 suis

409 4423 504 4468 avare
526 4423 564 4467 ac
586 4403 720 4490 superbe
748 4404 971 4490 imperabatur.
1008 4403 1099 4470 VIII.
1133 4408 1163 4487 3,
1197 4407 1248 4472 16.
1294 4407 1405 4492 Itaque
1438 4406 1501 4486 ille,
1535 4406 1590 4490 qui
1622 4426 1758 4471 uxorem
1792 4405 1899 4486 Darei,
1933 4405 1987 4490 661
2021 4402 2101 4468 duas
2134 4403 2217 4468 filias

407 4510 556 4594 virgInee,
578 4510 693 4595 quibus
715 4508 816 4573 forma
838 4519 963 4597 praeter
984 4511 1142 4577 Roxanen
1164 4513 1329 4599 conparari
1352 4513 1439 4577 nulla
1460 4519 1594 4599 poterat,
1625 4512 1710 4577 haud
1742 4512 1804 4575 alio
1828 4512 1933 4575 animo
1958 4532 2055 4598 quam
2078 4510 2217 4598 parentis

408 4614 608 4703 adspexerat,
630 4617 761 4680 166616
783 4637 923 4683 amorem
947 4618 1157 4702 virgunculae,
1192 4620 1219 4684 si
1249 4619 1357 4704 regiae
1385 4619 1476 4706 stirpi
1508 4624 1743 4705 conpararetur,
1777 4617 1925 4702 ignobilis
1947 4618 1992 4682 ita
2015 4616 2141 4683 offusus
2165 4620 2223 4695 661,

409 4729 447 4786 61
468 4720 587 4788 diceret
608 4721 657 4787 ad
680 4721 976 4788 stabiliendum
999 4744 1163 4809 regnum
1185 4726 1352 4812 pertinere,
1373 4725 1488 4791 Persas
1511 4733 1543 4791 et
1564 4723 1756 4790 Macednum
1780 4723 1919 4789 conubio
1942 4724 2051 4808 iungi:
2075 4722 2136 4786 hoc
2158 4741 2224 4786 uno

409 4826 505 4893 modo
528 4837 561 4894 et
581 4828 736 4915 pudorem
759 4830 850 4895 victis
880 4839 912 4896 61
938 4832 1119 4917 superbiam
1146 4831 1320 4897 victoribus
1350 4830 1474 4897 detrahi
1501 4852 1603 4919 posse.
1639 4829 1731 4911 VIII,
1755 4832 1784 4911 4,
1808 4831 1860 4898 25.
1908 4831 2073 4897 Craterum
2111 4835 2217 4895 autem

410 4934 460 4999 ad
482 4935 786 5024 persequendos
809 4936 1051 5004 Haustanen
1072 4947 1111 5004 et
1134 4939 1350 5021 Oratenen,
1373 4939 1427 5024 qui
1450 4939 1491 5003 ab
1513 4939 1582 5025 ipso
1606 4937 1795 5019 deiecerant,
1818 4938 1921 5004 misit:
1946 4955 2082 5023 quorum
2113 4933 2224 5001 Haus-

410 5051 499 5108 tanes
521 5051 631 5130 captns
653 5051 710 5126 eat,
740 5043 876 5111 (1616666
906 5046 938 5109 16
967 5045 1088 5131 proelio
1120 5047 1253 5113 occisus.
1288 5045 1380 5128 VIII,
1403 5045 1434 5128 5,
1457 5049 1486 5111 2.
1534 5046 1646 5132 Itaque
1668 5045 1709 5110 16
1730 5042 2026 5131 permutandis
2049 5044 2222 5108 stationum
