4934 5950
127 5121 145 5187 h

235 822 298 887 sibi
322 819 483 886 easdem
506 827 654 897 terres,
688 836 767 901 quas
801 814 934 879 vietona
955 818 1185 905 peragrassent,
1215 809 1478 895 repetendas:
1511 806 1618 871 omnia
1648 812 1704 870 aut
1737 806 1823 891 ipsos
1857 810 1914 868 aut
1945 803 2053 869 hostes

237 927 420 1016 populatos:
453 946 510 1011 per
532 934 638 987 vastas
659 920 855 998 solitudines,
885 919 1008 984 etiamsi
1031 938 1124 983 nemo
1148 917 1270 1002 insequi
1293 917 1379 994 velit,
1412 922 1521 980 euntes
1545 914 1627 978 fame
1650 919 1744 996 atque
1767 912 1875 995 inopia
1898 908 2051 975 debehari

236 1054 338 1121 posse.
363 1031 419 1112 111,
442 1033 472 1112 5,
496 1032 526 1096 6.
573 1028 665 1093 Isson
688 1024 805 1092 deinde
826 1045 886 1090 rex
908 1025 1016 1110 eopias
1040 1022 1203 1089 admovet
1234 1022 1292 1086 nbi
1325 1020 1455 1085 oonsilio
1485 1019 1604 1100 habito,
1636 1026 1784 1082 utrumne
1812 1018 1898 1081 ultra
1923 1035 2052 1102 progre-

237 1138 388 1204 diendum
410 1137 492 1202 foret
514 1155 561 1200 an
583 1135 642 1200 ihi
667 1129 920 1219 opperiundi
943 1136 1081 1196 essent
1103 1130 1197 1194 nori
1219 1128 1394 1208 milites,
1418 1146 1498 1211 quos
1521 1146 1564 1190 ex
1578 1122 1766 1190 Mawdonia
1784 1121 1956 1188 advenere
1979 1142 2052 1187 oon·

236 1245 350 1325 stabat,
382 1242 553 1308 Parmenio
583 1261 648 1305 non
671 1239 769 1303 alium
791 1239 895 1303 loeum
920 1237 1040 1324 proelio
1063 1237 1219 1322 aptiorem
1242 1255 1312 1300 esse
1334 1233 1492 1299 oensebat.
1530 1230 1589 1312 111,
1615 1233 1644 1311 7,
1669 1231 1698 1296 8.
1745 1229 1916 1294 Planitiem
1946 1229 2051 1315 ipsis

236 1370 484 1439 eamposque
506 1369 597 1414 esse
619 1344 832 1426 vitandos,
854 1344 911 1409 ubi
933 1342 1099 1421 circumiri,
1122 1342 1179 1407 ubi
1201 1341 1330 1427 ancipiti
1353 1340 1421 1405 aeis
1445 1337 1582 1425 opprimi
1604 1344 1751 1423 possent:
1782 1336 1902 1416 timere,
1925 1357 1965 1400 ne
1987 1355 2052 1400 uon

237 1460 352 1524 virtute
374 1456 522 1535 bostium,
553 1453 611 1519 sed
632 1449 818 1517 lassitudine
840 1470 899 1515 sua
922 1451 1134 1515 vincerentur:
1167 1447 1282 1513 Persas
1315 1456 1456 1513 reeentes
1486 1443 1621 1509 subinde
1658 1462 1866 1523 sueeessnros,
1896 1442 1924 1506 si
1946 1442 2051 1507 laxius

236 1572 321 1629 stare
342 1563 527 1649 potuissent.
559 1558 618 1641 llI,
643 1562 672 1639 7,
703 1560 734 1623 9.
781 1556 865 1621 Τιιιιι
886 1575 962 1640 rege
985 1576 1023 1620 eo
1046 1555 1183 1619 salutato
1206 1554 1288 1618 alter
1309 1574 1352 1617 ex
1374 1552 1433 1633 his,
1468 1551 1668 1632 Habitus,
1702 1549 1813 1634 inquit,
1849 1549 1915 1612 hio
1948 1549 2051 1629 vestis,

235 1690 329 1756 quern
360 1669 460 1733 earnis
483 1668 515 1731 in
538 1666 617 1730 meis
640 1663 797 1745 manibus,
831 1683 902 1727 oum
936 1663 997 1726 isto
1031 1661 1179 1745 squalore
1212 1657 1514 1746 permutandus
1548 1657 1607 1722 tibi
1641 1664 1711 1723 eet.
1745 1655 1804 1721 IV.
1831 1659 1859 1735 1,
1884 1657 1936 1720 22.
1984 1653 2048 1719 Sed

236 1781 330 1840 ante
352 1771 549 1838 iacienda
572 1771 702 1836 moles
724 1777 828 1849 erat,
852 1789 933 1854 quae
956 1768 1127 1833 eontinenti
1148 1766 1262 1832 urbem
1286 1765 1506 1830 oommitteret.
1529 1762 1586 1844 IV,
1612 1765 1642 1844 2,
1668 1764 1719 1828 16.
1767 1762 1860 1838 Quae
1883 1781 1964 1826 saxa
1986 1768 2053 1826 tam

236 1888 335 1961 vasta,
368 1900 448 1965 quas
478 1887 544 1943 tam
566 1896 712 1964 prooeras
735 1875 866 1940 arbores
887 1895 982 1961 posse
1004 1874 1157 1960 reperiri?
1191 1869 1501 1938 exhauriendas
1534 1891 1625 1936 esse
1658 1870 1868 1953 regiones,
1903 1875 1940 1933 ut
1972 1866 2053 1933 illud

235 1987 372 2072 spatium
394 1990 656 2068 exaggeraretur:
692 1988 878 2047 exaestuare
900 2001 1025 2066 semper
1045 1980 1169 2061 irehrm,
1199 1999 1325 2065 quoque
1349 1979 1449 2043 artius
1472 1978 1634 2043 volutetur
1655 1976 1738 2041 inter
1760 1975 1898 2040 insulam
1921 1981 1954 2040 et
1976 1994 2048 2038 eon·

235 2092 394 2173 tinentem,
424 2092 485 2155 hoo
514 2090 618 2155 aerius
644 2091 757 2154 fruere
790 2088 902 2169 lV,2,
928 2088 979 2154 16.
1023 2086 1143 2152 Multas
1181 2107 1216 2151 se
1248 2084 1353 2151 adhue
1387 2086 1537 2170 reliquias
1570 2084 1689 2149 habere
1722 2103 1782 2148 nee
1815 2102 1938 2169 semper
1971 2081 2053 2146 inter

235 2199 398 2282 angustias
420 2217 514 2283 posse
536 2194 748 2283 deprehendi:
771 2192 1063 2260 transeundum
1086 2214 1155 2258 esse
1177 2191 1364 2258 Alexandro
1387 2192 1624 2279 Euphratem
1647 2189 1831 2275 Tigrimque
1853 2197 1886 2253 et
1907 2187 2051 2254 Araxem

236 2312 269 2369 et
290 2303 479 2390 Oboaspem,
501 2322 618 2387 magna
639 2302 836 2366 munimenta
857 2301 945 2385 regni
968 2301 1033 2364 sui:
1065 2298 1257 2365 veniendum
1279 2300 1312 2364 in
1335 2319 1473 2385 oampos,
1506 2297 1563 2362 ubi
1585 2297 1746 2384 paueitate
1769 2315 1900 2360 suorum
1922 2294 2050 2360 embas-

234 2409 371 2476 eendum
392 2410 441 2475 sit.
465 2408 522 2488 IV,
545 2410 575 2488 b,
599 2409 628 2471 4.
666 2407 750 2472 Iter
772 2406 931 2493 expeditis
953 2425 1079 2492 quoque
1101 2414 1135 2472 et
1155 2407 1264 2493 pauois
1287 2407 1357 2470 rix
1380 2405 1613 2472 tolerabile
1635 2400 1930 2488 ingrediendum
1954 2408 2052 2469 erat:

234 2524 319 2581 terra
341 2516 492 2599 caeloque
515 2533 669 2598 aquarum
692 2513 825 2599 penuria
847 2520 904 2593 est,
927 2513 1050 2579 steriles
1072 2513 1210 2579 harenae
1231 2514 1344 2593 iacent,
1373 2532 1452 2598 quas
1467 2512 1524 2576 ubi
1542 2531 1643 2597 vapor
1664 2510 1739 2574 solis
1763 2507 1907 2575 aseendit
1928 2506 2053 2574 fervido

235 2624 303 2687 solo
326 2629 478 2688 exurente
501 2621 644 2704 vestigia,
667 2620 875 2685 intolerabilis
898 2627 1004 2686 aestus
1027 2620 1161 2685 exsistit.
1186 2619 1242 2698 lV,
1267 2621 1296 2698 7,
1320 2621 1350 2686 6.
1397 2618 1461 2684 Sed
1489 2617 1660 2683 Parmenio
1684 2616 1845 2697 deterruit,
1867 2636 1947 2681 non
1969 2634 2052 2680 esse

235 2728 350 2793 talibus
373 2727 535 2813 promissis
559 2723 805 2791 imbuendas
827 2745 949 2790 aures
971 2726 1134 2790 militum
1157 2724 1346 2789 adfirmans:
1370 2731 1478 2811 patere
1502 2725 1552 2789 vel
1574 2724 1669 2788 nnius
1691 2721 1814 2787 insidiis
1833 2742 1950 2808 regem,
1973 2720 2052 2785 nihil

233 2832 321 2900 nefas
343 2855 413 2899 esse
435 2833 596 2898 avaritiae.
619 2832 677 2913 IV,
703 2833 753 2911 10,
778 2833 817 2895 17
822 2882 828 2895 .
875 2831 997 2897 Verum
1011 2833 1181 2910 enimvero,
1205 2850 1277 2895 eum
1292 2829 1387 2894 modo
1405 2830 1520 2894 milites
1535 2850 1623 2894 meos
1638 2829 1751 2894 litteris
1766 2826 1809 2891 ad
1825 2827 2048 2914 proditionem,

233 2939 329 3006 modo
353 2940 470 3004 amieos
492 2937 534 3002 ad
547 2938 717 3025 perniciem
737 2923 840 3003 meam
855 2937 989 3024 psounia
1002 2937 1157 3019 sollieitet,
1181 2937 1222 3002 ad
1238 2937 1481 3003 internetionem
1504 2936 1602 3001 mibi
1625 2933 1945 3023 persequendus
1968 2943 2053 3019 est,

233 3067 297 3111 non
318 3056 354 3110 ut
377 3050 476 3111 iustus
498 3046 607 3125 hostis,
629 3043 686 3110 sed
708 3054 745 3109 ut
764 3064 930 3130 percussor
949 3044 1115 3111 veneficus.
1140 3044 1197 3124 IV,
1215 3047 1266 3126 ll,
1284 3045 1335 3110 18.
1380 3044 1497 3108 Peneis
1519 3042 1634 3109 deinde
1657 3063 1721 3107 nou
1743 3042 1786 3108 ad
1808 3044 1962 3129 quietem,
1985 3041 2043 3108 sed

234 3152 275 3216 ad
297 3151 531 3238 praeparandos
553 3152 675 3215 animos
698 3149 810 3216 diebus
832 3149 914 3216 datis
936 3151 1029 3215 militi
1051 3159 1179 3216 strenue
1201 3152 1324 3216 bostem
1346 3151 1470 3235 insequi
1500 3150 1604 3236 eoepit
1633 3157 1786 3230 metuens,
1827 3170 1867 3213 ne
1899 3150 2050 3215 interiora

233 3259 321 3343 regni
343 3259 393 3323 sui
415 3265 536 3343 peteret
558 3255 876 3342 sequendusque
898 3267 1008 3322 esset
1029 3278 1086 3343 per
1107 3258 1178 3321 looa
1201 3258 1288 3321 omni
1309 3255 1480 3321 solitudine
1502 3264 1597 3340 atque
1621 3256 1730 3341 inopia
1752 3262 1851 3320 vasta
1875 3254 1973 3336 1v‚e‚
1991 3258 2042 3323 13.

234 3364 298 3431 Tot
319 3373 474 3430 terrarum
496 3366 599 3450 spatia
621 3365 765 3442 emensis,
788 3369 836 3426 tot
857 3364 1005 3429 amnibus
1027 3364 1251 3448 montibusque
1273 3369 1346 3449 post
1368 3369 1492 3446 tergum
1515 3361 1647 3427 obieotis
1669 3362 1751 3426 iter
1779 3362 1813 3425 in
1842 3361 1979 3447 patriam
2012 3368 2046 3427 et

233 3479 363 3558 penates
386 3492 593 3536 mannasse
616 3468 858 3535 iaciendum.
891 3468 949 3550 IV,
974 3469 1026 3550 14,
1051 3472 1080 3534 7.
1128 3471 1219 3547 Quae
1248 3470 1373 3535 interim
1396 3467 1493 3533 duetu
1517 3469 1713 3554 imperioque
1735 3467 1914 3533 Alexandri
1938 3469 1989 3534 vel
2011 3469 2045 3533 in

235 3577 366 3641 Graecis
389 3578 439 3642 vel
462 3578 577 3663 Illyriis
600 3599 637 3641 aa
659 3577 796 3641 Thracia
816 3584 907 3660 gesta
928 3584 1010 3657 sunt,
1040 3577 1066 3640 si
1090 3576 1155 3640 suis
1178 3595 1323 3660 quaeque
1346 3575 1541 3661 temporibus
1575 3573 1708 3640 reddere
1743 3576 1883 3655 voluero,
1918 3575 2050 3641 inter·

234 3682 484 3769 rumpendae
505 3691 599 3749 sunt
620 3705 684 3748 res
708 3682 845 3764 Asiae,
869 3703 948 3768 quas
963 3683 1073 3768 utique
1095 3682 1137 3746 ad
1151 3682 1260 3767 fugam
1275 3691 1470 3766 mortemque
1485 3681 1576 3745 Darii
1597 3682 1762 3746 universas
1784 3681 1818 3745 in
1841 3689 2044 3767 eonspeetum

233 3788 301 3853 dari
324 3791 458 3855 etaient
480 3791 561 3855 inter
582 3812 617 3854 se
639 3791 817 3870 cohaerent,
839 3791 884 3854 ita
906 3777 1002 3876 opere
1024 3790 1093 3875 ipso
1109 3789 1259 3873 coniungi
1281 3787 1368 3852 haud
1390 3789 1486 3873 paulo
1509 3788 1614 3873 aptius
1636 3785 1738 3851 videri
1762 3796 1875 3873 potest
1897 3786 1938 3868 V,
1964 3788 1992 3869 1,
2018 3792 2048 3855 2.

232 3894 279 3961 At
298 3898 352 3962 ille
375 3895 489 3961 dooere
511 3898 615 3983 pergit
647 3915 730 3961 non
760 3896 955 3982 speciosa
984 3894 1114 3976 diotu,
1149 3895 1218 3960 sed
1248 3916 1323 3959 usu
1353 3895 1600 3959 necessaria
1628 3895 1667 3958 in
1698 3894 1822 3959 rebus
1851 3893 2049 3960 adversis

232 4003 446 4088 sequenda
468 4024 573 4070 esse:
610 4003 691 4068 ferro
714 4003 782 4088 geri
804 4002 897 4084 bella,
927 4022 991 4068 non
1014 4023 1101 4083 auro,
1132 4001 1217 4083 viris,
1247 4022 1311 4066 non
1334 4000 1462 4065 urbium
1484 4000 1591 4065 tentia:
1626 4003 1735 4065 omnia
1769 4001 1857 4088 sequi
1896 4008 2044 4067 armatos.

232 4109 270 4190 V,
295 4111 323 4189 1,
346 4108 376 4175 8.
424 4107 507 4173 Tum
530 4110 640 4173 eastris
661 4108 802 4194 undique
824 4117 934 4196 aperto
956 4111 1026 4173 looo
1049 4110 1160 4196 positis
1182 4129 1247 4173 non
1270 4108 1447 4173 consultare
1471 4106 1565 4170 modo
1595 4105 1694 4191 quid
1717 4106 1906 4192 agendum
1929 4115 2047 4188 esset,

231 4214 288 4280 sed
309 4223 398 4282 rates
420 4236 546 4302 quoque
567 4213 719 4280 adhibere
740 4216 845 4302 eoepit
865 4237 886 4279 a
906 4216 1129 4302 superstitione
1151 4217 1257 4280 animi.
1282 4215 1323 4296 V,
1347 4216 1377 4295 4,
1403 4217 1431 4280 1.
1477 4213 1592 4299 Itaque
1614 4234 1665 4279 res
1688 4215 1719 4279 in
1743 4215 1866 4280 serium
1885 4235 1978 4281 versa
1999 4222 2048 4281 est

231 4330 265 4387 et
284 4322 519 4409 imperaverunt
538 4323 609 4403 sibi,
631 4328 668 4386 ut
689 4320 853 4387 eraderent
874 4322 929 4386 illo
943 4322 1143 4406 potissimum
1159 4320 1255 4386 modo
1276 4321 1408 4386 fnisse
1430 4319 1612 4386 delenda
1625 4342 1667 4387 m.
1691 4320 1731 4402 V,
1755 4322 1785 4402 7,
1811 4323 1861 4388 10.
1907 4321 2048 4388 Proinde

232 4434 297 4509 aut,
326 4449 428 4513 quae
451 4430 645 4515 cepimus,
677 4426 906 4492 omittenda
927 4435 1039 4506 sunt,
1073 4437 1130 4494 aut
1151 4448 1256 4513 quae
1278 4448 1356 4492 non
1379 4428 1595 4508 habemus,
1618 4428 1852 4514 oooupanda
1875 4428 1929 4510 VI,
1944 4431 1974 4510 3,
1993 4430 2044 4496 11.

230 4534 277 4599 Ut
299 4532 414 4601 deindo
436 4543 538 4598 osana
558 4542 633 4600 sunt
654 4534 765 4621 posita,
789 4533 937 4615 Graecos,
959 4556 1039 4620 quos
1060 4535 1241 4599 Artabazus
1264 4533 1453 4615 adduxerat,
1488 4537 1656 4601 oonrooari
1688 4537 1792 4603 iubet:
1827 4544 1862 4602 at
1897 4535 1952 4614 illi,
1985 4535 2048 4607 nisi

230 4640 310 4708 fides
331 4639 593 4706 Lacedaemoniis
615 4661 740 4727 quoque
768 4647 801 4705 et
829 4639 1057 4726 Sinopensibus
1087 4640 1224 4721 derebu,
1259 4640 1453 4728 respondent
1486 4664 1529 4723 se,
1564 4642 1666 4728 quid
1699 4644 1901 4728 agendum
1935 4642 2045 4732 ipsis

231 4749 341 4829 foret,
363 4747 601 4814 deliberaturos.
625 4747 682 4829 Vl,
698 4751 728 4829 5,
743 4748 773 4814 d.
820 4748 921 4832 Igitur
936 4768 976 4813 ne
997 4749 1030 4813 in
1044 4748 1232 4814 seditionem
1254 4769 1304 4813 res
1319 4753 1504 4832 verteretur,
1529 4750 1656 4814 otium
1678 4752 2046 4837 interpellandum

232 4863 321 4923 erat
349 4855 444 4936 hallo,
478 4856 567 4920 euius
598 4857 731 4922 materia
765 4862 943 4942 opportune
965 4855 1117 4921 alebatur.
1154 4854 1268 4937 VI,6,
1293 4858 1344 4923 12.
1390 4857 1434 4923 Et
1466 4856 1520 4921 ille
1553 4864 1651 4939 ratus,
1685 4856 1774 4939 nihil,
1808 4858 1914 4944 quod
1947 4860 2045 4925 etiam

231 4984 303 5029 eum
325 4963 462 5049 periurio
486 4961 739 5047 detegendum
760 4962 874 5044 foret,
897 4961 1117 5046 indioaturum,
1139 4984 1196 5050 per
1218 4971 1401 5050 praesentes
1423 4965 1500 5032 daos
1521 4968 1614 5032 iurat
1636 4965 1694 5048 Vl,
1711 4969 1741 5049 7,
1762 4967 1792 5031 5.
1836 4965 2045 5032 Pereontatus

231 5069 347 5137 deinde
368 5068 561 5153 Alexander,
585 5089 685 5156 quae
707 5068 913 5136 noscenda
936 5079 1067 5151 erant,
1091 5070 1203 5136 ordine
1225 5077 1338 5139 ounota
1360 5074 1530 5158 eognosoit.
1555 5073 1615 5156 VI,
1639 5075 1668 5156 7,
1693 5075 1745 5142 25.
1792 5072 2045 5144 Οιιιι·““··“··“ι

1762 5198 1778 5254 3
