4934 5950
1038 640 1070 650 „vx
1076 638 1131 649 ψωΑ
1168 608 1187 679 1
1197 607 1213 674 l
1257 641 1259 644 ι
1272 642 1274 645 .
1297 636 1341 647 -Νω

274 817 424 904 operibns
457 816 596 880 hostium
629 817 798 897 inicerent,
832 816 981 901 corvique
1015 823 1047 880 et
1080 815 1143 879 alia
1176 814 1348 881 tuendis
1383 817 1559 881 urbibus
1595 817 1777 902 excogitata
1811 818 2092 905 praeparabantur.

273 922 331 1005 IV,
357 926 387 1004 2,
412 923 462 988 12.
509 922 629 1007 Magna
663 923 711 986 vis
745 942 894 986 sanorum
929 920 979 985 ad·
1000 942 1130 986 manum
1165 929 1234 986 erat
1263 921 1349 1007 Tyro
1373 931 1479 987 vetere
1501 923 1690 1008 praebente:
1725 925 1872 990 materies
1900 946 1942 990 ex
1965 924 2091 990 Libano

275 1037 383 1095 monte
404 1028 571 1094 ratibus
596 1036 634 1094 et
657 1027 844 1094 turribus
868 1026 1077 1093 faciendis
1100 1027 1327 1093 advehebatur.
1353 1028 1411 1109 Ν,
1436 1031 1465 1110 2,
1492 1031 1542 1095 18.
1589 1029 1635 1095 At
1657 1032 1711 1115 qui
1727 1030 1919 1097 desiluerant
1941 1033 1974 1096 iu
1989 1052 2089 1118 parva

277 1137 415 1221 navigia,
438 1135 523 1201 facea
546 1143 586 1217 et,
609 1132 764 1220 quidquid
787 1132 937 1198 alendo
961 1134 1046 1219 igni
1070 1140 1180 1220 aptum
1203 1142 1280 1216 erat,
1317 1135 1349 1200 iu
1372 1135 1483 1201 eadem
1507 1156 1603 1222 opera
1624 1136 1779 1221 ingerunt.
1812 1138 1870 1220 IV,
1894 1140 1924 1220 3,
1947 1140 1977 1202 «1
2021 1138 2090 1205 Nee

276 1242 375 1331 Tyrii,
399 1240 553 1327 quidquid
576 1240 625 1305 ad
648 1239 955 1327 impediendam
979 1241 1126 1306 molem
1148 1242 1323 1326 excogitari
1347 1250 1479 1327 poterat,
1504 1243 1642 1327 segniter
1664 1245 1912 1330 exequebantur.
1936 1244 1994 1327 Ν,
2018 1248 2049 1326 3,
2065 1248 2099 1311 9.

276 1349 420 1434 (tumque
442 1369 524 1413 unus
548 1369 565 1413 e
588 1347 709 1412 civibus
731 1348 764 1411 in
788 1347 933 1413 contione
955 1347 1133 1429 iudicasset,
1164 1348 1305 1412 oblatam
1335 1369 1406 1413 esse
1427 1370 1484 1435 per
1507 1370 1653 1414 somnum
1675 1350 1737 1415 sibi
1758 1352 1896 1437 speciem
1918 1349 2085 1437 Apollinis,

275 1478 368 1544 quem
391 1455 510 1522 eximia
531 1454 684 1539 religione
706 1455 853 1534 colerent,
887 1454 1000 1520 urbem
1030 1452 1213 1545 deserentis,
1247 1456 1428 1541 molemque
1461 1477 1480 1519 a
1512 1455 1742 1549 Macedonibus
1773 1458 1806 1522 in
1828 1458 1895 1521 salo
1919 1460 2036 1522 iactam
2057 1459 2090 1522 in

274 1565 451 1629 silvestrem
472 1562 589 1626 saltum
612 1581 681 1625 esse
705 1567 874 1626 mutatam:
898 1580 1088 1646 quamquam
1104 1568 1215 1625 auctor
1237 1562 1316 1626 levis
1339 1570 1416 1643 erat,
1439 1569 1545 1628 tamen
1569 1561 1618 1627 ad
1641 1562 1860 1629 deteriora
1883 1561 2093 1629 credenda

271 1671 363 1757 proni
385 1678 475 1735 metu
498 1689 596 1734 aurea
619 1674 731 1732 catena
754 1666 926 1751 devinxere
949 1668 1152 1732 simulacrum
1171 1688 1307 1753 araeque
1322 1667 1481 1751 Herculis,
1504 1669 1593 1733 cuius
1617 1669 1738 1733 numini
1759 1670 1872 1734 urbem
1890 1668 2086 1751 dicaverant,

272 1756 436 1843 insTruere
457 1776 627 1855 vinculum,
662 1775 752 1860 quasi
786 1774 841 1838 illo
876 1774 936 1840 deo
968 1773 1150 1861 Apollinem
1171 1781 1341 1840 retentura.
1364 1774 1422 1855 IV,
1446 1776 1476 1855 3,
1502 1777 1553 1841 22.
1600 1774 1747 1861 Namque
1769 1774 1818 1839 ad
1841 1775 2087 1862 inplicanda

271 1883 457 1968 navigia,
489 1902 571 1967 qnae
604 1901 711 1945 muros
745 1881 904 1961 subibant,
939 1881 1053 1946 validis
1086 1880 1245 1947 asseribus
1275 1881 1476 1966 harpagonas
1506 1881 1725 1966 inligaverant,
1754 1889 1799 1963 nt,
1829 1903 1902 1947 cum
1924 1890 2083 1948 tormenta

271 2010 390 2054 asseres
413 1988 653 2075 promovissent
686 1987 792 2052 subito
823 1989 939 2052 laxatis
968 1988 1097 2052 funibus
1128 1988 1288 2053 inicerent.
1324 1985 1382 2067 IV,
1406 1990 1436 2067 3,
1460 1989 1512 2051 24.
1548 1987 1707 2073 'Utrisque
1740 1990 1842 2053 laetus
1875 1986 1936 2052 fuit
1969 1988 2083 2053 beluae

270 2103 431 2182 aspectus:
466 2093 656 2160 Macedones
688 2095 749 2159 iter
782 2093 977 2159 iaciendo
1008 2094 1125 2179 operi
1160 2101 1353 2157 monstrasse
1387 2114 1459 2158 eam
1489 2094 1735 2178 augurabantur,
1771 2094 1860 2180 Tyrii
1894 2078 2080 2181 Neptunum

270 2201 415 2288 occupati
438 2202 536 2266 maris
557 2198 716 2266 vindicem
738 2200 915 2287 abripuisse
938 2200 1066 2266 beluam
1089 2220 1126 2264 ac
1156 2200 1273 2265 molem
1302 2200 1392 2264 brevi
1426 2200 1565 2285 prefecto
1598 2201 1759 2267 ruituram.
1793 2200 1850 2281 IV,
1875 2202 1905 2281 4,
1929 2203 1960 2268 5.
2005 2201 2081 2265 Duo

270 2295 367 2389 milia,
389 2308 430 2370 in
452 2307 603 2393 quibus
627 2304 870 2371 occidendis
892 2305 1051 2372 defecerat
1073 2308 1186 2388 rabies,
1209 2307 1355 2371 crucibus
1371 2305 1459 2370 affixi
1475 2328 1533 2392 per
1555 2308 1666 2391 ingens
1689 2308 1790 2372 litoris
1804 2309 1943 2393 spatium
1958 2328 2075 2393 pepen-

270 2415 391 2482 derunt.
415 2411 473 2493 IV,
497 2414 527 2493 4,
551 2414 601 2478 ll.
647 2413 772 2478 Dareus
794 2411 962 2498 desperata
984 2433 1071 2498 pace,
1105 2434 1200 2498 quam
1232 2435 1290 2499 per
1321 2413 1442 2478 litteras
1471 2415 1656 2498 legatosque
1686 2415 1835 2500 inpetrari
1858 2435 1952 2501 posse
1975 2411 2077 2478 credi·

270 2521 369 2603 derat,
407 2518 456 2584 ad
493 2519 750 2604 reparandas
787 2519 899 2584 vires
938 2520 1176 2604 bellumque
1215 2520 1397 2605 impigre
1434 2518 1714 2585 renovandum
1752 2519 1888 2586 intendit
1924 2521 2074 2585 animum.

270 2629 328 2711 Ν,
352 2630 382 2709 6,
409 2632 436 2695 1.
484 2626 548 2693 Sed
578 2625 690 2691 eadem
721 2626 845 2706 humus,
880 2625 1099 2690 movendis
1133 2625 1298 2690 inutilis
1329 2625 1534 2705 turribus,
1569 2624 1733 2691 desidente
1763 2627 1875 2691 sabulo
1907 2626 2081 2710 agilitatem

269 2743 410 2801 rotarum
431 2742 556 2799 morata
577 2733 720 2797 tabulata
742 2732 876 2795 turrium
897 2732 1126 2818 perfringebat:
1160 2733 1315 2817 multique
1334 2722 1586 2796 'vulnerabantur
1608 2734 1733 2818 inpune,
1767 2754 1839 2798 cum
1863 2732 1947 2798 idem
1971 2733 2080 2797 reci·

273 2840 438 2930 piendis
461 2842 515 2926 qui
538 2837 807 2904 admovendis
830 2839 1019 2902 turribus
1042 2839 1134 2903 labor
1156 2859 1210 2902 eos
1232 2839 1388 2922 fatigaret.
1413 2837 1471 2919 IV,
1495 2841 1525 2918 6,
1549 2840 1579 2903 9.
1625 2838 1830 2924 Complexus,
1854 2837 2008 2925 quidquid
2024 2839 2084 2903 soli

273 2958 322 3016 est
343 2949 425 3014 inter
448 2946 597 3034 paludem
621 2967 659 3011 aa
680 2967 776 3026 mare,
800 2946 959 3030 octoginta
973 2943 1148 3010 stadiorum
1163 2945 1259 3010 muris
1282 2944 1437 3011 ambitum
1460 2943 1599 3010 destinat
1622 2953 1662 3026 et,
1686 2946 1740 3032 qni
1763 2944 2087 3013 exaedificandae

275 3057 369 3121 urbi
392 3061 581 3142 praeessent,
612 3054 737 3133 relictis,
767 3052 941 3138 Memphim
964 3053 1052 3139 petit.
1088 3050 1199 3132 lv,·a‚
1223 3055 1252 3117 2.
1298 3050 1359 3116 Ad
1382 3052 1499 3116 cuins
1522 3052 1740 3117 interitum
1764 3051 2089 3138 vindicandum,

275 3171 392 3249 quanta
422 3161 563 3225 maxime
592 3158 753 3224 celeritate
783 3158 894 3245 potuit,
930 3157 1103 3238 contendit,
1138 3156 1382 3243 advenientique
1415 3166 1488 3223 sunt
1521 3157 1629 3223 traditi
1664 3160 1742 3223 tanti
1776 3160 1902 3225 sceleris
1935 3167 2090 3225 auctores

273 3269 331 3350 Ν,
356 3269 386 3348 8,
412 3269 462 3333 10.
509 3264 727 3350 Amphoterus
751 3263 875 3345 deinde,
899 3264 1008 3329 classis
1031 3264 1216 3349 praefectus,
1249 3264 1296 3328 ad
1325 3265 1585 3330 liberandam
1608 3265 1777 3331 Oratam
1799 3267 1914 3331 missus
1939 3301 1982 3312 —
2004 3286 2092 3330 nam-

275 3397 336 3461 que
359 3383 391 3441 et
413 3374 584 3438 Persarum
607 3380 639 3437 et
661 3370 889 3457 Spartanorum
912 3372 1008 3435 armis
1031 3371 1181 3457 pleraque
1210 3372 1278 3437 eius
1307 3372 1429 3437 insulae
1460 3370 1688 3441 obsidebantur
1711 3409 1754 3420 -
1776 3380 1850 3439 aute
1872 3374 1979 3437 omnia
2001 3367 2089 3438 mare

274 3503 294 3546 a
316 3481 456 3568 piraticis
480 3478 634 3543 elassibus
656 3475 818 3542 vindicare
840 3477 964 3557 iussus3
999 3478 1115 3564 quippe
1139 3478 1313 3543 obnoxium
1336 3477 1549 3565 praedonibus
1572 3479 1695 3544 eratin
1717 3480 1836 3545 bellum
1857 3487 1992 3565 utroque
2013 3498 2088 3564 rege

276 3608 435 3652 converso.
469 3586 526 3666 Ν,
550 3586 580 3664 8,
609 3586 656 3650 15.
704 3584 892 3670 Opportuna
930 3582 1196 3670 explicandis
1231 3584 1366 3669 copiis
1404 3592 1480 3665 erat,
1515 3585 1695 3670 equitabilis
1729 3593 1762 3650 et
1795 3592 1884 3650 vasta
1920 3586 2084 3672 planities:

274 3715 314 3758 ne
336 3694 449 3779 stirpes
471 3690 598 3777 quidem
621 3700 653 3756 et
674 3690 785 3755 brevia
807 3690 942 3773 virgulta
966 3691 1112 3776 operiunt
1135 3691 1239 3755 solum
1261 3691 1403 3776 liberque
1425 3699 1610 3778 prospectus
1642 3692 1806 3757 oculorum
1836 3694 1933 3758 etiam
1963 3691 2005 3756 ad
2039 3712 2090 3773 aa,

274 3819 355 3885 quae
388 3799 498 3885 procul
533 3818 698 3877 recessere,
734 3795 940 3881 permittitur:
980 3804 1084 3881 atque,
1117 3798 1145 3861 ei
1178 3816 1241 3881 qua
1275 3797 1376 3882 campi
1410 3797 1600 3877 eminebant,
1633 3798 1724 3863 iussit
1757 3800 1885 3884 aequari
1919 3806 2083 3883 totumque

273 3906 435 3991 fastigium
457 3904 595 3971 extendi.
617 3903 675 3986 IV,
699 3906 729 3985 9,
754 3901 806 3969 10.
851 3903 1000 3968 Ceterum
1030 3903 1132 3967 omnis
1160 3903 1292 3989 periculi
1315 3911 1348 3968 et
1369 3904 1510 3969 maxime
1532 3902 1742 3968 multitudinis
1765 3911 1961 3990 contemptor
1982 3902 2082 3968 unde-

275 4013 364 4076 cimis
387 4012 497 4076 castris
520 4010 562 4076 ad
583 4010 781 4098 Euphratem
803 4010 962 4096 pervenit:
996 4031 1059 4095 quo
1094 4009 1244 4096 pontibus
1274 4010 1381 4073 iuncto
1412 4010 1530 4095 equites
1559 4011 1677 4096 primos
1699 4010 1754 4089 ire,
1785 4011 1976 4097 phalangem
1997 4011 2088 4095 sequi

274 4117 372 4199 iubet,
406 4116 548 4197 Mazaeo,
582 4118 636 4203 qui
666 4117 715 4181 ad
744 4116 1016 4181 inhibendum
1047 4118 1271 4182 transitum
1302 4117 1369 4181 eius
1400 4137 1471 4180 cum
1501 4137 1559 4181 sex
1582 4116 1711 4181 milibus
1734 4117 1875 4202 equitnm
1897 4124 2085 4199 occurrerat,

274 4244 339 4289 non
363 4243 440 4288 auso
457 4223 633 4310 periculum
648 4225 697 4286 sni
712 4222 825 4289 facere.
871 4222 988 4287 Paucis
1005 4222 1121 4289 deinde
1135 4244 1199 4288 non
1218 4221 1261 4286 ad
1284 4223 1431 4309 quietem,
1454 4222 1512 4287 sed
1534 4222 1581 4287 ad
1604 4222 1916 4310 praeparandos
1940 4223 2087 4288 animos

274 4330 387 4396 diebus
410 4328 492 4394 datis
514 4329 608 4394 militi
630 4336 757 4393 strenue
779 4328 903 4394 hostem
925 4329 1048 4414 insequi
1071 4330 1183 4415 coepit,
1205 4336 1358 4409 metuens,
1389 4349 1430 4393 ne
1450 4329 1601 4394 interiora
1623 4331 1712 4415 regui
1735 4331 1785 4394 sui
1806 4336 1928 4417 peteret
1950 4350 2083 4415 sequen·

148 4464 152 4472 ·
275 4435 395 4523 duoque
418 4442 502 4501 esset
523 4457 580 4523 per
601 4437 672 4501 loca
694 4435 780 4500 omni
802 4434 974 4500 solitudine
1004 4443 1099 4521 atque
1127 4436 1236 4523 inopia
1265 4443 1367 4501 vasta.
1399 4433 1457 4516 IV,
1481 4437 1511 4517 9,
1536 4437 1676 4502 19-14.
1723 4435 1773 4502 Ac
1805 4438 1907 4523 primo
1943 4437 2086 4521 caligine,

273 4564 368 4631 quam
389 4544 494 4608 ffimus
518 4542 682 4626 effuderat,
705 4543 895 4608 obscurante
916 4543 1019 4608 lucem
1039 4541 1226 4607 insidiarum
1248 4549 1337 4608 metu
1358 4541 1515 4607 substitit:
1551 4541 1666 4608 deinde
1696 4550 1731 4608 ut
1757 4545 1970 4630 speculatores
1992 4562 2084 4628 prae·

271 4651 359 4716 missi
382 4656 451 4716 tuta
474 4650 580 4715 omnia
601 4651 834 4731 nuntiaverunt,
867 4670 986 4735 paucos
1020 4650 1162 4735 equitum
1191 4648 1240 4713 ad
1270 4647 1553 4734 temptandum
1576 4647 1723 4715 vadum
1744 4651 1884 4715 fluminis
1905 4649 2079 4734 praemisit,

273 4758 361 4822 cuins
382 4754 518 4822 altitudo
541 4757 642 4843 primo
666 4776 791 4821 summa
812 4775 965 4841 equorum
986 4763 1124 4843 pectora,
1158 4777 1236 4821 mox
1262 4763 1300 4821 ut
1327 4757 1361 4821 in
1390 4754 1531 4821 medium
1561 4756 1688 4821 alveum
1710 4763 1841 4823 ventum
1864 4762 1920 4836 est,
1943 4755 2081 4821 cervices

273 4883 399 4984 qppque
413 4862 580 4949 aequabat.
603 4861 661 4944 IV,
676 4866 707 4945 9,
724 4864 776 4930 15.
823 4861 873 4927 Ea
895 4883 945 4927 res
966 4863 1037 4950 ipsa
1052 4863 1145 4928 militi
1168 4862 1218 4928 ad
1242 4861 1570 4950 persequendum
1593 4862 1739 4929 hostem
1761 4862 1903 4927 animum
1923 4859 2079 4927 incendit:

273 4990 391 5056 qurppc
412 4977 524 5036 urente
547 4977 580 5035 et
600 4969 773 5056 populante
796 4989 834 5035 eo
857 4976 974 5035 terram
988 4969 1199 5035 festinandum
1214 4975 1292 5050 erat,
1314 4990 1355 5034 ne
1368 4968 1513 5035 incendio
1528 4978 1641 5034 cuneta
1655 4969 1859 5056 praeciperet.
1883 4966 1942 5049 Ν,
1959 4967 2081 5050 10,13.

272 5076 394 5162 Itaque,
418 5096 609 5163 quamquam
631 5074 747 5141 frustm
768 5097 847 5164 paee
868 5077 918 5142 bis
939 5075 1040 5161 petita
1062 5077 1168 5141 omnia
1191 5078 1223 5141 in
1246 5076 1366 5142 bellum
1388 5076 1518 5141 consilia
1539 5083 1746 5158 converterat,
1768 5076 1870 5142 view
1884 5083 1991 5141 nmen
2004 5093 2080 5139 con·

1807 5200 1841 5252 2⁸
