4934 5950
711 2079 744 2168 Ι.
778 2079 1067 2169 Gerundium
1098 2080 1219 2170 ohne
1252 2079 1484 2197 objektive
1516 2081 1847 2201 Bestimmung.

475 2283 550 2351 Non
571 2285 693 2368 timido,
716 2307 780 2350 uon
801 2288 918 2371 ignavo
942 2308 1065 2352 cessare
1087 2295 1154 2352 tum
1176 2287 1283 2353 licuit:
1319 2288 1433 2351 collato
1461 2287 1553 2374 pede,
1582 2290 1673 2373 quasi
1695 2289 1811 2372 singuli
1834 2290 1916 2355 inter
1941 2311 1975 2354 se
1999 2289 2184 2359 dimicarent

294 2449 297 2457 .
367 2393 399 2456 in
428 2391 541 2458 eodem
570 2393 704 2477 vestigio
733 2393 868 2474 stabant,
904 2392 1005 2458 donec
1033 2393 1238 2459 vincendo
1266 2396 1372 2458 locum
1398 2393 1460 2458 sibi
1486 2394 1847 2475 11111111.ΠΙ,11,5.
1893 2395 2018 2482 Quippe
2051 2397 2176 2463 Dareus

368 2518 462 2563 curru
475 2498 620 2563 sublimis
635 2498 802 2579 eminebat,
826 2499 946 2564 111111
969 2497 1010 2561 ad
1033 2520 1067 2563 11
1090 2500 1253 2581 tuendum,
1276 2507 1308 2565 et
1330 2501 1475 2564 hostibus
1498 2500 1544 2564 ad
1566 2500 1836 2567 incessendum
1858 2502 1969 2586 ingens
1991 2504 2174 2569 incitamen·

366 2603 527 2685 1111ΠΙ,
552 2605 657 2687 1151.
703 2603 804 2670 Erant
832 2602 1066 2689 Hephaestioni
1095 2604 1159 2669 duo
1189 2607 1339 2692 hospites,
1373 2605 1450 2669 clari
1483 2606 1565 2670 inter
1599 2627 1674 2671 suos
1704 2608 1856 2691 juvenes:
1893 2609 1948 2692 qui
1981 2609 2066 2674 facta
2101 2610 2180 2696 ipsis

366 2716 555 2797 potestate
578 2709 759 2795 regnandi
782 2718 987 2794 negaverunt,
1018 2731 1207 2796 quemquam
1231 2712 1334 2799 patrio
1358 2732 1445 2776 more
1467 2711 1500 2774 in
1522 2711 1555 2775 id
1578 2712 1740 2795 fastigium
1762 2713 1859 2798 recipi
1882 2713 1942 2777 nisi
1965 2714 2053 2798 regia
2076 2717 2175 2801 stirpe

366 2822 480 2883 ertum.
505 2815 563 2898 IV,
589 2819 617 2898 1,
643 2819 694 2883 17.
740 2816 887 2903 Namque
920 2817 1001 2882 inter
1021 2816 1248 2905 Apollonidem
1278 2826 1310 2885 et
1339 2816 1434 2882 duces
1459 2818 1597 2882 militum
1625 2825 1694 2882 orta
1716 2817 1829 2883 seditio
1852 2819 2116 2907 inrumpendi
2139 2822 2179 2886 in

365 2923 502 2990 urbem
532 2924 788 2990 occasionem
812 2923 908 2992 dedit.
954 2924 1012 3007 IV,
1036 2927 1067 3008 5,
1092 2927 1142 2994 16.
1188 2926 1356 2993 Videtisne
1386 2925 1582 2992 obstinatum
1611 2925 1658 2991 ad
1682 2923 1921 2992 tacendum?
1954 2926 2065 3012 inquit,
2098 2948 2176 2993 num

363 3049 449 3114 genu
470 3030 586 3115 posuit,
614 3050 691 3093 num
721 3050 831 3095 vocem
862 3033 1036 3116 supplicem
1066 3033 1174 3097 misit?
1218 3034 1276 3112 IV,
1300 3036 1330 3111 6,
1353 3035 1405 3097 28.
1453 3034 1579 3118 Quippe
1602 3033 1750 3098 credebat
1772 3034 1880 3118 inopia
1902 3033 2055 3099 debellari
2078 3056 2172 3122 posse

363 3136 442 3199 nihil
463 3135 642 3217 habentem,
664 3136 726 3199 uisi
749 3135 834 3221 quod
855 3136 1051 3222 rapiendo
1075 3145 1271 3223 occupasset:
1295 3138 1355 3222 ipsi
1371 3144 1478 3200 autem
1494 3145 1687 3201 commeatus
1709 3137 1763 3198 olii
1787 3143 1878 3215 terra,
1902 3137 1956 3198 alii
1972 3138 2061 3221 Tigri
2078 3160 2171 3204 amne

362 3242 629 3308 subvehebantur.
675 3241 733 3323 IV,
757 3243 787 3323 9,
811 3243 840 3308 8.
887 3242 1057 3309 Pamreuio
1090 3244 1258 3329 ignorabat
1290 3243 1419 3328 quidem
1453 3263 1580 3306 causam
1615 3263 1673 3305 sua
1705 3248 1817 3326 sponte
1851 3261 1977 3327 pugnae
2015 3244 2175 3325 remissae,

363 3348 420 3414 sed
444 3350 645 3414 occasione
668 3348 849 3415 vincendi
872 3358 998 3416 strenue
1021 3357 1176 3417 1111111.
1223 3350 1280 3429 IV,
1307 3352 1357 3430 16,
1382 3350 1411 3412 4.
1455 3348 1525 3412 Ianr
1549 3348 1577 3412 si
1598 3346 1834 3413 multitudinem
1857 3348 2000 3432 equitum
2026 3369 2174 3415 occuren-

361 3455 442 3519 tium
476 3455 689 3535 extimuisset,
727 3456 840 3520 victori
874 3463 930 3520 aut
966 3456 1087 3522 foede
1120 3455 1341 3541 fugiendum
1379 3463 1447 3520 111
1483 3454 1786 3520 miserabiliter
1824 3452 2058 3519 cadendum
2095 3456 2177 3522 fuit

362 3560 420 3643 IV,
446 3564 495 3642 16,
519 3564 572 3628 30.
617 3561 754 3626 Etcum
777 3569 916 3627 11111111
939 3583 1002 3627 111
1025 3566 1247 3650 operasolum
1270 3583 1367 3628 manu
1389 3563 1480 3641 facta,
1513 3559 1570 3625 sed
1600 3561 1696 3623 etiam
1723 3559 1825 3645 ipsam
1847 3567 1993 3625 naturam
2016 3563 2170 3648 paulatim

365 3666 574 3734 exedendo
598 3669 741 3755 perimat,
764 3670 844 3733 haec
864 3670 973 3753 moles,
1008 3692 1089 3756 quae
1112 3678 1160 3735 tot
1182 3671 1331 3734 arborum
1353 3666 1514 3731 radicibus
1536 3666 1689 3753 premitur
1710 3667 1851 3752 tantique
1875 3668 2011 3732 nemoris
2034 3668 2176 3755 pondere
2212 3747 2215 3754 ¹

366 3782 496 3840 onerata
525 3782 582 3858 est,
614 3775 767 3840 inviolata
794 3774 896 3857 durat,
929 3776 1046 3863 quippe
1067 3775 1136 3840 XX
1157 3776 1254 3862 pedes
1275 3775 1331 3840 lati
1354 3775 1490 3861 parietes
1512 3774 1676 3854 sustinent,
1710 3772 1761 3838 IX
1782 3773 1901 3860 pedum
1922 3775 2087 3839 intervallo
2113 3776 2181 3840 dis-

267 3925 272 3932 ·
365 3887 478 3962 tantos,
508 3889 545 3946 ut
577 3883 687 3968 procul
719 3882 894 3947 visentibus
924 3882 1023 3947 silvae
1050 3882 1212 3947 montibus
1240 3883 1306 3947 suis
1339 3882 1503 3947 imminere
1536 3880 1711 3946 rideantur.
1763 3879 1805 3960 V,
1831 3880 1934 3960 1,34.
1981 3880 2099 3946 Paucis
2131 3880 2179 3945 ad

365 3987 632 4068 moriendum,
656 3988 799 4074 pluribus
822 3988 863 4052 ad
887 3988 995 4072 fugam
1017 3989 1140 4051 animus
1163 3988 1231 4068 brit,
1255 4008 1369 4072 magna
1390 4009 1464 4073 pars
1486 3988 1519 4050 in
1542 4008 1646 4052 arcem
1669 3986 1830 4052 concessit
1874 3985 1914 4069 V,
1939 3989 1969 4068 3,
2003 3990 2053 4053 11.
2097 3987 2177 4054 inde

365 4092 467 4159 XXX
489 4094 666 4160 oratoribus
689 4093 792 4158 missis
815 4093 864 4158 ad
887 4093 1191 4181 deprecandum
1222 4095 1312 4159 triste
1341 4114 1526 4181 responsum
1549 4115 1568 4156 1
1591 4114 1665 4177 rege
1688 4092 1840 4174 redditur,
1874 4113 1938 4157 nou
1970 4115 2039 4158 esse
2068 4095 2179 4161 veniae

364 4200 477 4266 locum.
524 4201 618 4283 V,3,
644 4203 695 4268 11.
742 4202 867 4267 Dareus
890 4202 981 4285 siguo
1005 4201 1054 4265 ad
1076 4200 1254 4267 eundum
1276 4200 1351 4264 dato
1375 4199 1646 4286 currumpristino
1662 4219 1749 4263 more
1764 4198 1953 4264 conscendit.
1992 4198 2033 4280 V,
2057 4202 2176 4282 10,12.

365 4303 500 4370 Strenuo
534 4308 653 4392 alioqui
687 4307 892 4394 cupiditatem
926 4306 1206 4393 consequendi
1239 4305 1401 4391 transfuga
1434 4308 1593 4392 injecerat
1639 4305 1680 4387 V,
1706 4308 1755 4385 13,
1782 4307 1833 4369 12.
1880 4303 1945 4368 Sed
1973 4310 2010 4368 ut
2042 4307 2179 4391 primum

363 4411 552 4476 instantibus
577 4412 659 4476 curis
691 4414 817 4478 laxatus
850 4422 898 4479 est
927 4416 1050 4478 animus
1080 4414 1265 4478 militarium
1294 4435 1400 4479 rerum
1427 4434 1522 4498 quam
1545 4412 1659 4498 quietis
1683 4412 1801 4495 otiique
1823 4410 2001 4497 patientior,
2024 4433 2179 4501 excepere

363 4538 437 4582 eum
458 4519 646 4604 voluptates,
680 4526 720 4600 et,
755 4541 849 4605 quem
872 4541 961 4584 arma
983 4520 1153 4585 Persarum
1174 4541 1238 4585 non
1260 4520 1426 4604 fregerant,
1456 4521 1535 4584 11111
1556 4520 1716 4584 vicerunt:
1750 4516 1939 4604 tempestiva
1970 4520 2116 4585 convivia
2147 4526 2180 4583 11

364 4624 609 4711 perpotandi
642 4625 1015 4712 pervigilandique
1050 4628 1199 4691 insana
1232 4625 1406 4692 dulcedo
1441 4624 1570 4711 ludique
1606 4631 1639 4690 ct
1675 4642 1787 4707 greges
1821 4623 1964 4710 pelicum
2012 4625 2066 4702 Vl,
2091 4626 2120 4701 2,
2146 4624 2176 4688 2.

363 4728 438 4794 Una
459 4731 539 4795 ratio
562 4738 630 4796 erat
652 4730 849 4796 caedendo
873 4732 995 4817 aperire
1017 4734 1144 4813 saltum,
1174 4731 1231 4798 sed
1262 4733 1323 4797 hoe
1352 4752 1477 4818 quoque
1503 4731 1611 4814 magui
1635 4730 1750 4817 operis.
1794 4728 1903 4811 Vl‚5,
1931 4733 1981 4796 16.
2026 4727 2178 4818 Protinus

363 4836 447 4900 facta
480 4844 635 4923 potestate
668 4836 885 4919 veniendi,
924 4839 1034 4902 ceteris
1063 4840 1162 4925 jussis
1195 4840 1382 4919 subsistere,
1421 4837 1568 4902 trecentis
1606 4835 1794 4901 feminarum
1828 4838 1979 4900 comitata
2015 4836 2178 4920 processit

361 4940 421 5023 VI,
443 4940 474 5024 5,
497 4945 549 5009 26.
597 4943 697 5010 Gravi
720 4964 835 5031 sopore
857 4943 1110 5029 adquiesoebam,
1145 4965 1216 5009 cum
1245 4966 1296 5010 me
1326 4944 1418 5009 malis
1440 4942 1682 5007 indormientem
1704 4941 1783 5007 meis
1806 4941 1926 5007 inimici
1949 4940 2177 5007 vinciendo

364 5049 590 5116 excitaverunt
636 5050 693 5131 VI,
718 5053 768 5132 10,
794 5052 845 5116 12.
890 5050 1003 5136 Itaque
1024 5051 1051 5114 si
1070 5050 1237 5116 insidiatus
1252 5073 1332 5134 sum,
1355 5072 1490 5138 poenam
1505 5070 1569 5114 non
1585 5048 1736 5135 deprecor
1752 5057 1784 5114 et
1797 5049 1893 5113 finem
1907 5045 1988 5111 facio
2012 5047 2177 5128 dicendi,
