4934 5950
1144 629 1244 640 manant·
1281 599 1327 670 10
1357 631 1432 643 uxum
1441 634 1456 641 A·

470 813 547 903 IV.
584 811 953 931 thwendiglreit
985 811 1067 901 der
1099 810 1378 929 Vertretong
1410 810 1490 899 des
1523 809 1837 902 Gerundiums
1871 813 2018 904 durch
2052 817 2133 906 das

616 966 618 970 ’
1131 951 1465 1042 Gerundivum.
1491 990 1497 999 ·

812 1106 1012 1177 (Gerundivum
1030 1107 1069 1160 im
1087 1106 1172 1161 Datis
1191 1107 1248 1160 und
1267 1105 1408 1178 abhdngig
1426 1123 1481 1161 von
1500 1107 1577 1162 einer
1596 1107 1792 1177 Priposition)

491 1232 579 1299 Inter
617 1233 696 1299 baec
729 1231 916 1299 Alexander
950 1233 998 1297 ad
1028 1231 1333 1298 conducendum
1365 1255 1413 1299 ex
1435 1232 1730 1321 Peloponneso
1755 1235 1931 1303 militem
1954 1237 2110 1304 Cleandro
2133 1259 2206 1305 cum

387 1341 523 1427 pecunia
551 1340 648 1404 misso
672 1339 790 1427 Lyciae
812 1339 1083 1426 Pamphyliaeque
1110 1339 1205 1404 rebus
1236 1340 1417 1427 compositis
1451 1339 1494 1404 ad
1526 1339 1638 1405 urbem
1669 1339 1823 1406 Cehenas
1857 1345 2031 1409 exercitum
2056 1344 2207 1411 admovit.

389 1447 504 1529 111‚1,
530 1450 558 1512 1.
606 1447 705 1513 Cuius
739 1454 807 1512 tum
839 1447 1005 1512 uniuersae
1035 1453 1164 1533 aspectu
1195 1444 1369 1511 admodum
1399 1447 1500 1515 laetus
1531 1446 1711 1532 purpuratis
1743 1448 1839 1512 solita
1861 1451 2004 1516 vanitate
2027 1471 2116 1538 spem
2141 1451 2209 1517 eius

387 1554 582 1634 inflantibus,
605 1574 775 1619 conversus
795 1552 836 1618 ad
852 1552 1078 1619 Charidemum
1091 1552 1320 1619 Atheniensem
1336 1552 1411 1618 belli
1428 1553 1565 1639 peritum
1587 1561 1620 1617 et
1642 1553 1684 1617 ob
1705 1554 1838 1618 exilium
1854 1554 2005 1620 infestum
2020 1555 2208 1623 Alexandro

389 1696 429 1709 -
453 1661 571 1747 quippe
586 1658 722 1725 Athenis
740 1660 869 1727 iubente
891 1681 929 1726 eo
951 1661 1055 1727 lirerat
1078 1661 1230 1746 expulsus
1253 1695 1297 1707 -
1320 1659 1498 1745 percontari
1521 1660 1634 1745 eoepit,
1658 1660 1776 1725 satisne
1800 1661 1830 1726 ei
1852 1660 2013 1727 rideretur
2036 1663 2207 1730 instructus

390 1766 439 1831 ad
461 1766 741 1832 obterendum
764 1767 933 1833 hostem.
956 1766 1016 1848 ΙΙΙ,
1040 1769 1070 1848 2,
1095 1767 1148 1835 10.
1191 1766 1232 1830 11
1254 1766 1309 1831 1111
1332 1774 1424 1847 terra,
1447 1787 1530 1852 quae
1551 1766 1610 1839 bos
1631 1767 1751 1851 genuit,
1775 1768 1896 1832 auxilia
1914 1769 2096 1854 quaerenda
2117 1779 2204 1837 sunt:

389 1881 555 1958 argentum
589 1872 674 1941 istud
707 1882 801 1960 atque
836 1895 949 1939 aurum
982 1873 1024 1939 ad
1057 1852 1578 1939 conducendum'milirem
1608 1874 1708 1940 mitte.
1744 1874 1858 1955 1112,
1885 1876 1935 1941 16.
1983 1874 2029 1939 At
2052 1877 2107 1941 ille
2129 1876 2209 1942 Par·

388 1980 535 2047 macione
569 1979 619 2045 ad
652 1979 923 2046 inhibendum
958 1979 1196 2047 incendium
1230 2000 1302 2045 curn
1332 1980 1483 2067 expedita
1513 2001 1610 2045 mann
1632 1980 1816 2067 praemisso,
1848 1989 2017 2067 postquam
2054 1982 2207 2047 barbaros

386 2085 526 2155 adventu
549 2108 678 2152 suomm
701 2087 827 2171 hrgatcs
850 2109 919 2155 esse
942 2088 1098 2173 cognovit,
1120 2087 1232 2152 urbem
1256 2109 1276 2152 a
1298 2107 1332 2152 se
1355 2096 1572 2152 conservatam
1595 2087 1699 2153 intrat.
1724 2086 1785 2169 ΠΙ,
1808 2087 1838 2167 4,
1865 2088 1914 2153 15.
1962 2087 2012 2153 Ibi
2028 2088 2202 2154 Parmenio

383 2193 452 2277 regi
475 2193 628 2258 occurrit:
663 2195 853 2280 praemissus
886 2201 954 2259 erat
975 2192 1025 2258 ad
1047 2192 1458 2280 explorandumiter
1480 2195 1634 2275 saltus,
1668 2216 1726 2281 per
1760 2215 1853 2280 quem
1888 2182 2075 2261 ad'urbem
2108 2194 2202 2259 Isson

391 2299 518 2367 nornine
551 2298 781 2385 penetrandum
816 2307 892 2367 1111.
931 2299 992 2381 ΠΙ,
1024 2302 1053 2379 7,
1085 2302 1115 2368 6.
1160 2299 1308 2385 Namque
1341 2300 1485 2385 epistola,
1522 2301 1705 2386 priusquam
1739 2301 1769 2365 ei
1802 2300 1995 2381 redderetur,
2030 2302 2063 2366 in
2096 2320 2208 2365 manus

386 2405 565 2472 Alexandri
586 2416 784 2492 pervenerat,
816 2408 993 2492 lectamque
1026 2428 1098 2473 eam
1128 2407 1185 2489 (11)
1216 2407 1317 2491 ignod
1340 2407 1450 2471 annuli
1472 2407 1576 2492 sigillo
1599 2407 1755 2493 impresso
1779 2405 1882 2472 Siseni
1908 2406 1978 2472 dari
2001 2408 2137 2473 iusserat
2158 2406 2208 2473 ad

385 2509 681 2583 aestimandam
704 2512 824 2579 fidem
847 2514 1025 2580 barbari.
1055 2513 1116 2594 ΠΙ,
1141 2515 1171 2593 7,
1196 2513 1247 2578 14.
1295 2511 1495 2593 Macedones,
1524 2522 1572 2577 tot
1594 2513 1756 2579 bellorum
1778 2513 1811 2577 in
1833 2512 1964 2599 Europa
1987 2514 2131 2594 victores,
2156 2512 2205 2578 ad

383 2616 658 2702 subigendam
680 2616 823 2682 Asiam
846 2626 970 2703 atque
992 2619 1143 2685 ultima
1164 2618 1312 2700 Orientis,
1346 2639 1409 2683 non
1443 2619 1544 2704 ipsius
1573 2618 1684 2701 magia,
1721 2638 1818 2701 quam
1849 2639 1906 2682 111
1937 2619 2035 2683 ductu
2065 2619 2207 2705 profecti,

384 2724 579 2791 inveteratae
602 2724 726 2789 virtutis
749 2723 1011 2792 admonebantur.
1036 2725 1095 2807 111,
1122 2727 1173 2806 10,
1197 2728 1226 2791 4.
1275 2724 1459 2791 Alexander
1491 2745 1555 2790 non
1593 2722 1682 2788 ducis
1714 2725 1817 2808 magis
1847 2745 1942 2809 quam
1965 2725 2074 2789 militis
2098 2727 2207 2790 munia

386 2831 615 2917 exequebatur,
639 2831 780 2916 opimum
803 2830 900 2897 decus
924 2853 1016 2898 caeso
1039 2852 1114 2918 rege
1137 2839 1303 2919 expetens:
1327 2834 1445 2920 quippe
1462 2833 1588 2897 Dareus
1611 2851 1707 2895 curru
1723 2830 1869 2896 sublimis
1892 2832 2061 2911 eminebat,
2084 2842 2117 2897 et
2140 2815 2205 2897 suis

384 2936 434 3004 ad
456 2960 499 3004 se
522 2936 725 3006 tuendum
748 2946 781 3003 et
811 2938 956 3004 hostibus
986 2937 1028 3005 ad
1057 2939 1278 3007 incessendum
1309 2940 1419 3025 ingens
1453 2940 1701 3006 incitamentum.
1739 2938 1927 3021 111‚11‚r.
1974 2938 2057 3025 Equi
2088 2940 2207 3026 pariter

391 3044 576 3129 equitesque
598 3042 778 3122 Persarum,
801 3045 882 3110 serie
904 3047 1080 3110 lamnarum
1102 3066 1225 3129 gravas,
1259 3046 1293 3110 id
1322 3066 1423 3128 genus
1453 3067 1588 3130 pugnae,
1624 3045 1709 3129 quod
1733 3047 1892 3110 celeritate
1914 3049 2054 3113 maxime
2077 3053 2205 3128 constat,

386 3171 484 3235 aegre
506 3149 737 3217 moliebantur:
773 3150 891 3236 quippe
922 3152 961 3214 in
993 3149 1330 3233 circumagendis
1353 3151 1471 3234 equis
1494 3151 1579 3214 suis
1603 3171 1657 3213 111
1681 3149 1825 3213 Thessali
1848 3149 1939 3213 inulti
1962 3160 2204 3236 occupaverant.

388 3257 449 3338 111,
474 3256 526 3336 11,
552 3258 602 3322 111.
650 3255 699 3319 Ae
723 3257 825 3342 primo
848 3255 1049 3336 Mithrenem,
1073 3257 1127 3340 qui
1151 3255 1261 3320 Sardis
1284 3255 1467 3335 tradiderat,
1491 3256 1626 3341 peritum
1650 3256 1778 3338 linguae
1799 3254 1956 3334 Persicae,
1979 3257 2025 3319 ire
2047 3256 2096 3319 ad
2119 3278 2205 3321 con·

382 3362 591 3428 solandus
614 3384 683 3427 eas
706 3363 849 3428 iusserat.
874 3364 938 3442 ΠΙ,
964 3364 1015 3444 12,
1041 3367 1070 3428 6.
1117 3363 1151 3426 Is
1174 3363 1268 3445 longe
1291 3363 1431 3426 omnium
1454 3362 1626 3426 amicorum
1651 3362 1829 3425 canssimus
1852 3370 1920 3425 erat
1943 3363 2019 3445 regi,
2042 3383 2113 3426 cum
2136 3364 2205 3450 ipso

389 3470 510 3556 pariter
532 3468 674 3548 eductus,
697 3477 889 3534 secretorum
913 3470 1053 3534 omnium
1084 3469 1219 3533 arbiter:
1255 3469 1409 3534 libertatis
1442 3489 1569 3553 quoque
1603 3470 1641 3532 in
1673 3466 1932 3531 admonendo
1963 3488 2007 3532 1ο
2038 3489 2102 3533 111
2124 3470 2204 3535 alius

392 3577 495 3659 magis
517 3576 566 3639 ius
590 3575 737 3656 habebat,
761 3576 846 3660 quod
871 3584 977 3640 tamen
999 3577 1043 3640 ita
1067 3576 1254 3661 usurpabat,
1285 3586 1321 3640 ut
1343 3576 1445 3657 magis
1469 3596 1488 3637 a
1511 3593 1585 3656 rege
1606 3573 1805 3659 permissum,
1827 3593 1922 3657 quam
1946 3573 2140 3640 vindicatum
2163 3578 2204 3642 ab

384 3703 426 3748 eo
449 3681 632 3748 videratur:
667 3689 699 3747 et
720 3683 802 3748 sicut
825 3690 929 3748 aetate
950 3704 1009 3767 per
1033 3691 1101 3748 1111
1123 3684 1200 3767 regi,
1232 3684 1277 3746 ita
1306 3681 1446 3767 eorporis
1470 3680 1581 3744 babitu
1603 3680 1792 3766 praestabat
1826 3679 1885 3760 ΠΙ,
1912 3682 2036 3760 12,16.
2081 3681 2205 3749 Rursus

391 3788 521 3858 Xerxes
549 3789 652 3873 gentis
686 3788 829 3854 eiusdem
860 3789 908 3853 ad
931 3789 1237 3875 oppugnandos
1260 3808 1335 3851 nos
1359 3808 1430 3851 cum
1454 3786 1638 3850 immanium
1661 3786 1868 3850 barbarorum
1892 3787 1990 3871 copiis
2013 3789 2115 3852 venit:
2149 3791 2204 3874 qui

390 3896 496 3961 navali
518 3895 638 3981 proelio
663 3896 765 3959 victus
787 3895 990 3961 Mardonium
1013 3903 1120 3960 tamen
1144 3895 1271 3979 reliquit
1294 3896 1325 3958 in
1349 3894 1493 3971 Graecia,
1524 3903 1560 3956 ut
1590 3894 1704 3957 absens
1726 3912 1853 3976 quoque
1875 3893 2079 3978 popularetur
2100 3896 2204 3977 urbes,

392 4022 486 4086 agros
509 4010 624 4067 ureret.
648 4000 703 4080 Ν,
731 4001 759 4081 1,
786 4001 836 4067 11.
883 3999 1380 4087 Adhancperserendam
1404 4000 1600 4085 Thersippus
1624 4007 1672 4063 111
1695 4000 1819 4063 missus.
1844 3998 1901 4079 IV,
1927 4001 1954 4078 1,
1983 4002 2031 4065 14.
2077 3999 2203 4068 Potitus

387 4129 464 4192 ergo
487 4108 608 4174 Pelusii
639 4106 818 4194 Memphim
848 4109 955 4194 copias
977 4109 1153 4194 promovit:
1188 4106 1229 4170 ad
1252 4107 1343 4171 euius
1365 4106 1483 4170 famam
1504 4104 1666 4190 Aegyptii,
1702 4126 1784 4169 vana
1817 4125 1895 4189 gens
1929 4114 1961 4170 et
1995 4108 2203 4173 novandis

380 4235 500 4300 quam
529 4214 734 4298 gerendis
766 4216 906 4300 aptior
936 4215 1075 4295 rebus,
1111 4235 1152 4278 111
1182 4214 1250 4278 1111
1273 4214 1390 4298 quique
1422 4211 1499 4275 vicis
1522 4210 1718 4296 urbibusque
1745 4220 1934 4276 concurrunt
1963 4212 2010 4275 ad
2041 4212 2202 4279 delenda

384 4319 580 4408 praesidia
601 4320 834 4388 Persarum.
855 4321 914 4401 IV,
942 4325 969 4402 l,
993 4323 1045 4387 30.
1091 4319 1155 4385 Sed
1190 4340 1245 4384 ecs
1275 4317 1432 4405 Amyntas
1468 4319 1589 4406 proelio
1623 4326 1789 4405 superatos
1821 4319 1853 4381 in
1883 4318 1994 4383 urbem
2026 4322 2185 4406 compellit
2194 4343 2220 4394 :s

386 4428 542 4513 rastrique
557 4427 818 4513 positisrictores
842 4426 892 4491 ad
913 4424 1178 4513 populandos
1201 4445 1324 4508 agros
1346 4423 1535 4490 discurrunt.
1560 4424 1618 4504 IV,
1643 4424 1672 4503 l,
1696 4427 1749 4489 31.
1795 4423 1919 4489 Eodem
1936 4435 2078 4511 tempere
2093 4429 2202 4493 classis

384 4534 597 4606 1111111111
629 4554 672 4597 111
703 4533 839 4598 Graecia
869 4535 970 4598 accita
997 4531 1232 4612 Aristomenen,
1266 4533 1320 4616 qui
1355 4530 1397 4595 sd
1429 4531 1704 4616 Hellesponti
1740 4549 1849 4592 oram
1883 4531 2200 4616 reciperandam

385 4642 534 4707 aDareo
558 4648 625 4707 erat
647 4642 775 4720 missus,
810 4642 910 4728 captis
944 4641 1012 4705 eius
1047 4649 1103 4708 aut
1136 4641 1254 4706 eversis
1285 4638 1418 4703 navibus
1450 4646 1587 4721 superat.
1623 4636 1682 4715 IV,
1708 4638 1735 4716 1,
1760 4639 1812 4699 36.
1859 4636 1925 4700 Nec
1949 4636 2197 4721 accipiendo

302 4763 306 4769 “
382 4749 516 4829 11111,
552 4769 614 4833 quc
649 4745 841 4812 Macedones
872 4747 1043 4811 continenti
1074 4747 1210 4809 insulam
1234 4748 1364 4829 iungere
1387 4742 1551 4830 parabant,
1574 4743 1743 4827 quicquam
1766 4742 1867 4826 magis
1891 4764 1987 4828 quam
2010 4743 2062 4806 ille
2086 4752 2198 4808 ventris

385 4854 594 4920 obstabat.
619 4852 677 4933 IV,
694 4852 724 4932 2,
748 4853 778 4916 8.
827 4851 1137 4936 Carthaginiensium
1160 4851 1256 4935 legati
1279 4851 1328 4914 ed
1351 4849 1648 4915 celebrandum
1672 4869 1834 4913 sacrum
1859 4849 2197 4915 anniversarium

383 4981 471 5026 more
501 4961 604 5048 patrio
636 4969 709 5023 tunc
740 4967 906 5025 venerant:
940 4958 1058 5043 quippe
1082 4958 1306 5041 Carthaginem
1329 4956 1417 5043 Tyrii
1441 4954 1659 5034 condiderunt,
1683 4976 1808 5040 semper
1829 4961 1994 5041 parentum
2020 4957 2087 5019 lccc
2111 4957 2196 5022 culti.

383 5065 441 5146 IV,
465 5070 495 5147 2,
520 5067 571 5134 10.
618 5067 733 5131 Omnia
758 5065 831 5130 belli
851 5071 1004 5149 apparatu
1019 5071 1177 5147 strepunt:
1201 5063 1320 5129 ferreae
1342 5081 1470 5147 quoque
1491 5081 1603 5125 manus
1627 5097 1670 5107 -
1695 5061 1891 5147 harpagones
1915 5070 2028 5124 vocant
2051 5098 2093 5107 -
2116 5082 2195 5146 ques
