4934 5950
285 831 398 917 coepit,
420 837 458 895 ιιι
479 830 571 895 vobis
594 829 650 894 diu
672 829 734 894 hui
757 831 886 917 possim.
932 828 992 910 IX,
1028 831 1058 911 6,
1085 830 1135 895 17.
1192 829 1414 895 Fatendum
1438 837 1496 895 est
1529 838 1644 911 tamen,
1680 853 1751 894 eum
1785 831 1955 917 plurimum
1990 833 2100 896 virtuti

287 936 441 1018 debuerit,
464 938 535 1023 plus
566 935 715 1002 debuisse
746 936 900 1017 fortunae,
929 955 1024 1021 quarn
1047 936 1133 999 solus
1157 936 1298 1000 omnium
1321 937 1504 1001 mortalium
1532 937 1566 1000 in
1588 944 1744 1022 potestate
1774 937 1896 1002 hebuit.
1926 937 1968 1019 X,
1991 938 2022 1017 5,
2045 938 2100 1002 35.

286 1042 554 1108 Tractandum
577 1050 650 1124 est,
675 1043 914 1123 commilitones,
939 1039 1267 1128 cogitandumque,
1289 1050 1327 1106 ut
1342 1043 1505 1107 victoriam
1519 1049 1643 1128 partam
1655 1036 1815 1124 interhos,
1831 1042 1996 1129 dequibus
2011 1051 2102 1130 perta

287 1157 345 1232 est,
368 1149 512 1215 obtinere
534 1148 701 1236 possimne
723 1147 766 1230 X,
789 1151 820 1230 6,
843 1150 873 1216 8.
920 1149 1032 1235 Itaque
1053 1149 1162 1235 inopia
1183 1150 1332 1235 primum,
1355 1148 1471 1214 deinde
1492 1148 1592 1213 iames
1614 1169 1684 1214 esse
1699 1151 1803 1235 coepit
1825 1157 1866 1230 et,
1889 1151 1943 1235 qui
1965 1151 1998 1214 in
2020 1149 2100 1215 urbe

286 1264 385 1337 erant,
409 1263 466 1320 aut
487 1254 753 1321 reconciliandam
777 1276 848 1321 cum
862 1255 1016 1321 Perdicca
1029 1255 1165 1340 gratiam
1181 1263 1238 1320 aut
1258 1256 1353 1320 armis
1377 1255 1607 1320 certandum
1631 1276 1715 1319 esse
1739 1255 1917 1320 censebant.
1939 1255 1981 1335 X,
2006 1257 2036 1327 8,
2050 1258 2100 1320 12.

605 1413 641 1498 b)
666 1415 718 1480 bei
741 1414 814 1480 dem
837 1414 939 1480 Aktiv
960 1415 1026 1479 und
1049 1414 1162 1479 Passis
1185 1415 1243 1479 der
1264 1414 1374 1479 Verba
1396 1415 1499 1493 trado,
1523 1414 1681 1478 distribuo
1704 1414 1771 1478 und
1788 1414 1936 1493 praebeo.

394 1556 470 1622 Non
493 1564 599 1622 tamen
623 1556 766 1622 defecere
788 1558 901 1622 animis
924 1558 1022 1645 Tyrii,
1045 1576 1237 1643 quamquam
1260 1556 1301 1620 ab
1324 1557 1446 1640 ingenti
1466 1577 1522 1641 spe
1545 1555 1688 1620 destituti
1704 1562 1802 1635 eraut,
1826 1554 1883 1620 sed
1907 1556 2025 1640 conju
2032 1574 2099 1639 ges

285 1662 528 1748 liberosque
551 1662 811 1728 devehendos
842 1663 1067 1748 Carthaginem
1102 1661 1370 1742 tradiderunt,
1404 1663 1525 1743 fortius,
1548 1660 1704 1747 quidquid
1738 1660 1903 1741 accideret,
1935 1661 2039 1742 laturi,
2073 1660 2100 1724 si

288 1769 483 1833 cauasimem
507 1770 558 1833 sui
580 1776 703 1856 partem
726 1775 818 1833 extra
840 1778 956 1836 sortem
980 1771 1111 1856 periculi
1133 1770 1308 1835 communis
1323 1769 1515 1834 habuissent.
1539 1769 1595 1849 IV,
1618 1772 1648 1848 3,
1665 1767 1717 1834 20.
1762 1767 1933 1854 Equitibus
1949 1768 2101 1852 equisque

288 1882 473 1959 tegumenta
497 1881 587 1939 eraut
609 1896 651 1939 ex
672 1875 781 1940 terreis
805 1877 962 1941 lamminis
985 1877 1067 1942 serie
1089 1878 1172 1942 inter
1193 1896 1228 1941 se
1251 1877 1393 1942 conexis:
1416 1876 1591 1961 quisentea
1605 1881 1732 1961 praeter
1746 1874 1849 1938 iacula
1863 1874 1942 1938 nihil
1959 1872 2100 1955 dederat,

288 1988 377 2045 scuta
398 1980 561 2065 gladiique
583 1980 803 2046 adiciebantur
837 2003 1108 2068 equorumque
1141 1981 1332 2046 domandi
1366 2002 1509 2066 greges
1543 1980 1705 2067 peditibus
1734 1979 1958 2045 distributi
1993 1987 2100 2059 sunt,

284 2095 327 2153 ‘ut
347 2089 450 2177 major
471 2087 604 2173 pristino
636 2095 718 2152 esset
752 2090 926 2174 equitatus:
960 2090 1143 2175 ingensque,
1176 2097 1213 2154 nt
1246 2088 1432 2169 crediderat,
1467 2089 1607 2153 hostium
1639 2096 1749 2167 terror,
1782 2087 1936 2153 ducentae
1968 2087 2101 2151 falcatae

290 2192 624 2278 quadrigae’unicum
648 2194 774 2258 illarum
795 2196 937 2278 gentium
959 2196 1123 2274 auxilium,
1146 2201 1273 2261 secutae
1294 2203 1377 2260 sunt.
1424 2194 1481 2272 IV,
1510 2196 1540 2275 9,
1564 2197 1594 2258 4.
1646 2193 1726 2258 Inde
1754 2194 1907 2279 precessit
1935 2192 2102 2257 Ecbolima

289 2307 329 2380 et,
353 2320 426 2363 enm
465 2300 628 2384 angustias
677 2300 796 2365 itineris
836 2301 975 2366 obsideri
1010 2300 1078 2367 XX
1115 2302 1243 2368 milibus
1281 2310 1475 2366 armatorum
1512 2303 1553 2366 ab
1590 2301 1685 2367 Erice
1722 2299 1860 2387 quedam
1898 2299 2100 2384 conperisset,

286 2407 447 2492 gravius
470 2427 608 2490 agmen
631 2407 788 2471 exercitus
812 2407 920 2473 Coeno
944 2407 1167 2473 ducendum
1190 2409 1324 2473 modieis
1347 2409 1513 2473 itineribus
1544 2406 1724 2472 tradidit
1758 2406 1848 2486 VIII,
1885 2408 1934 2485 12,
1971 2406 1999 2471 1.
2056 2401 2103 2467 At

289 2512 472 2578 Critobulus
492 2511 620 2577 tandem
645 2513 695 2577 vel
718 2513 807 2577 finito
832 2515 883 2578 vel
907 2512 1105 2580 dissimulato
1129 2522 1217 2581 metu
1246 2515 1365 2580 hortari
1394 2535 1467 2579 cum
1500 2514 1612 2600 coepit,
1649 2521 1691 2576 ut
1729 2533 1769 2577 se
1813 2508 2101 2577 continendum

287 2618 513 2705 praeberet,
536 2616 613 2682 dum
636 2619 793 2703 spiculum
817 2619 979 2684 evelleret:
1019 2621 1114 2685 etiam
1138 2622 1239 2685 levem
1278 2622 1418 2707 corporis
1454 2628 1575 2685 motum
1613 2619 1745 2682 noxium
1782 2618 1858 2682 fore.
1895 2615 1955 2696 IX,
1993 2619 2023 2697 5,
2047 2618 2100 2682 27.

289 2724 428 2790 Desiluit
451 2722 567 2788 deinde
582 2723 730 2789 frendens
747 2723 787 2789 de
803 2725 954 2790 tribunali
970 2733 1002 2791 et
1016 2728 1049 2790 in
1072 2726 1213 2792 medium
1238 2735 1431 2793 armatorum
1455 2747 1569 2811 agmen
1592 2747 1627 2790 se
1649 2725 1788 2806 immisit,
1819 2731 1945 2788 notatos
1968 2743 2102 2807 quoque,

289 2831 343 2915 qui
365 2830 557 2896 ferocissime
580 2830 721 2895 oblocuti
743 2833 1007 2916 eraut'singulos
1030 2854 1128 2896 mann
1151 2835 1303 2920 corripuit
1325 2855 1383 2899 nec
1405 2854 1500 2897 ausos
1531 2851 1707 2918 repugnare
1741 2829 1930 2896 tredecim
1965 2827 2102 2893 adrer-

284 2936 434 3002 sandos
458 2937 642 3003 custodibus
665 2939 805 3025 corporis
830 2936 1017 3006 tradidit.
1041 2938 1084 3021 X,
1108 2942 1141 3020 2,
1161 2941 1213 3005 30.
