4934 5950
407 829 532 886 1111111
556 840 627 884 cum
649 836 765 904 magno
788 819 884 882 animi
908 825 997 883 motu
1019 820 1178 905 perpetuis
1201 820 1316 904 vigiliis
1339 821 1412 905 egit.
1444 819 1520 901 VII,
1543 821 1573 901 5,
1600 821 1650 884 13.
1694 819 1826 907 Iamque
1849 821 1894 886 ad
1916 823 2219 910 persequendum

407 926 581 992 Bessum
603 932 760 992 statuerat
779 924 937 1011 progredi,
973 946 1114 1006 cumea,
1148 946 1229 1011 quae
1258 927 1291 991 in
1314 925 1485 1011 Sogdianis
1508 934 1607 1009 erant,
1638 928 1808 1012 cognoscit.
1842 927 1916 1010 VII,
1939 930 1969 1009 5,
1996 931 2046 995 13.
2092 930 2218 997 Interea

407 1031 598 1098 Macedones
623 1030 913 1119 adpetendum
936 1032 1133 1118 pabulum
1164 1033 1360 1119 inconposito
1383 1033 1510 1118 agmine
1533 1033 1650 1118 egrossi
1673 1054 1693 1096 a
1715 1034 1869 1115 barbaris,
1904 1035 1958 1122 qui
1992 1034 2033 1101 de
2063 1038 2218 1123 proximis

407 1139 568 1204 montibus
592 1137 805 1217 decurremnt,
828 1140 1048 1225 opprimuntur
1070 1140 1238 1225 pluresque
1260 1140 1344 1225 capti
1366 1147 1441 1204 sunt
1462 1160 1557 1225 quam
1581 1140 1689 1204 occisi:
1713 1140 1841 1205 barbari
1856 1148 1963 1207 autem
1980 1144 2120 1229 captivos
2143 1166 2219 1231 prae

408 1266 442 1310 se
464 1252 594 1330 agentes
617 1264 724 1309 rursus
746 1245 780 1307 in
802 1250 943 1310 montem
964 1251 1167 1311 recesserunt.
1202 1244 1279 1326 VH,
1303 1245 1387 1327 6,,1.
1435 1245 1685 1312 Condendae
1714 1247 1808 1311 urbi
1842 1248 1950 1315 sedem
1984 1270 2079 1335 super
2111 1251 2213 1336 ripam

407 1351 525 1416 Tanais
548 1352 696 1436 elegerat,
726 1351 898 1415 claustrum
928 1359 959 1415 et
987 1352 1051 1415 iam
1079 1350 1329 1438 perdomitorum
1358 1359 1391 1418 et
1412 1361 1490 1439 quot
1515 1352 1631 1418 deinde
1662 1352 1750 1418 adire
1780 1352 1972 1422 decreverat.
2008 1354 2138 1439 VILS,
2162 1358 2215 1424 13.

406 1456 452 1522 At
472 1458 519 1522 illi
542 1456 736 1537 defectionis,
766 1456 815 1521 ad
838 1477 953 1541 quam
976 1456 1243 1523 coercendam
1266 1460 1489 1541 enecabantur,
1513 1466 1665 1541 auctores,
1689 1461 1896 1545 vulgaverant
1911 1462 2005 1545 fama,
2028 1463 2216 1529 Bactrianos

407 1565 527 1649 equites
550 1584 570 1627 a
593 1583 666 1648 rege
696 1583 812 1643 omnes,
846 1570 882 1627 ut
915 1561 1139 1645 occiderentur,
1174 1566 1290 1630 accersi
1318 1564 1416 1652 idque
1443 1567 1634 1653 imperatum
1663 1567 1755 1651 ipsis:
1790 1588 1853 1632 non
1887 1569 2075 1635 sustinuisse
2108 1578 2214 1636 tamen

406 1671 530 1755 exequi,
552 1692 593 1735 ne
615 1668 807 1756 inexpiabile
828 1670 861 1733 in
882 1670 1051 1757 populares
1073 1669 1194 1735 lacinus
1210 1670 1422 1738 admitterent.
1446 1671 1566 1753 VIL6,
1585 1671 1635 1738 15.
1681 1671 1742 1736 Ad
1765 1694 1934 1757 quorum
1957 1677 2218 1760 pertinaciam

406 1775 673 1861 mitigandam
696 1797 752 1840 rex
775 1775 803 1839 L
826 1777 947 1862 equites
970 1777 1144 1862 praemisit,
1175 1777 1230 1861 qui
1265 1778 1463 1844 clementiam
1485 1779 1585 1865 ipsius
1606 1780 1639 1843 in
1662 1778 1787 1845 deditos
1809 1780 1965 1866 simulque
1987 1782 2217 1848 inexorabilem

406 1884 546 1947 animum
577 1883 611 1946 in
644 1882 785 1947 demotos
818 1881 1027 1949 ostenderent.
1067 1882 1140 1965 VH,
1170 1886 1201 1965 6,
1233 1883 1286 1948 17.
1330 1884 1376 1949 At
1408 1906 1466 1950 rex
1499 1884 1698 1972 Scytharum,
1733 1885 1822 1949 cuius
1856 1894 1924 1951 tum
1957 1888 2042 1951 ultra
2076 1886 2210 1955 Tanaim

405 1990 573 2076 imperium
595 1996 672 2069 erat,
694 1995 780 2052 ratus
802 2009 872 2053 eam
894 1990 1015 2071 urbem,
1048 2010 1144 2075 quam
1175 1992 1208 2054 in
1243 1993 1312 2078 ripa
1341 1992 1443 2056 amuis
1472 1989 1664 2057 Macedones
1696 1990 1912 2074 condiderant,
1946 1993 2011 2057 suis
2042 1994 2212 2079 inpositam

405 2116 474 2161 1111
497 2095 680 2176 cervicibus,
702 2095 839 2177 fratrem,
861 2096 1041 2162 Carthasim
1064 2098 1200 2179 nomine,
1234 2119 1305 2163 eum
1337 2117 1453 2182 magna
1482 2098 1624 2183 equiturn
1653 2118 1750 2163 manu
1780 2099 1866 2164 misit
1895 2100 1943 2164 ad
1967 2098 2216 2166 diruendam

405 2222 489 2267 eam
511 2202 737 2288 proculque
760 2223 871 2267 amne
895 2202 1198 2268 submovendas
1221 2203 1485 2270 Macedonum
1517 2205 1633 2291 copias.
1669 2204 1743 2286 Vll,
1774 2205 1857 2286 7,1.
1906 2205 1991 2272 Satis
2021 2207 2137 2273 virium
2167 2214 2216 2270 est

405 2307 454 2373 ad
476 2305 692 2372 toleranda
714 2308 809 2374 ista:
832 2317 897 2390 aut,
920 2309 947 2373 si
969 2310 1032 2374 iam
1056 2309 1146 2376 adest
1168 2312 1253 2376 vitae
1275 2332 1367 2377 meae
1387 2311 1468 2391 finis,
1490 2312 1523 2375 in
1546 2332 1609 2397 quo
1630 2311 1759 2377 tandem
1774 2334 1870 2399 opere
1889 2315 2002 2379 melius
2022 2312 2217 2398 extinguar?

404 2414 477 2495 VH,
509 2416 538 2495 7,
570 2415 620 2480 19.
663 2413 897 2496 Menedemum,
929 2425 966 2479 ut
997 2437 1094 2503 supra
1125 2416 1246 2482 dietum
1278 2426 1335 2495 est,
1372 2418 1501 2483 miserat
1534 2417 1575 2482 ad
1609 2417 1880 2484 obsidendum
1915 2418 2215 2504 Spitamenen,

403 2520 591 2585 Bactrianae
614 2519 796 2585 delectionis
820 2530 989 2603 auctorem.
1025 2522 1099 2602 VII,
1124 2525 1153 2604 7,
1176 2526 1229 2587 31.
1275 2523 1425 2589 Silvestre
1447 2526 1506 2589 iter
1535 2535 1673 2610 aptum
1701 2524 1871 2590 insidiis
1902 2526 2097 2610 tegendis
2131 2533 2217 2591 erat:

404 2628 448 2692 ibi
471 2627 581 2691 Dahas
604 2626 754 2691 condidit
776 2626 851 2708 VII,
875 2629 904 2707 7,
928 2631 979 2692 32.
1027 2627 1073 2693 At
1094 2637 1138 2708 tu,
1162 2629 1215 2713 qui
1239 2628 1279 2694 de
1301 2630 1447 2714 gloriaris
1470 2629 1517 2692 ad
1540 2631 1725 2694 latrones
1748 2632 2065 2716 persequendos
2088 2633 2207 2711 venire,

405 2735 545 2798 omnium
566 2735 715 2818 gentium,
738 2754 816 2818 quas
839 2733 942 2815 adisti,
964 2736 1045 2798 latro
1068 2756 1111 2799 es.
1136 2734 1210 2813 VH,
1223 2737 1253 2816 S,
1267 2737 1317 2803 19.
1362 2735 1475 2821 Itaque
1499 2736 1640 2801 exercitu
1655 2745 1747 2800 aucto
1772 2736 1819 2800 ad
1843 2756 1904 2816 ec,
1928 2758 2009 2822 quae
2032 2737 2209 2803 delectione

365 2874 368 2883 v
402 2843 530 2906 turbata
557 2848 655 2919 erant,
689 2840 955 2926 conponenda
988 2843 1141 2926 processit
1173 2842 1405 2927 interiectisque
1439 2844 1697 2908 consternationis
1731 2843 1912 2908 auctoribus
1942 2854 2055 2929 quarto
2089 2843 2140 2909 die
2173 2843 2215 2907 ad

401 2947 519 3013 flumen
541 2947 650 3012 Oxum
672 2954 858 3034 perventum
881 2956 937 3014 est.
973 2947 1200 3029 VII,10,13.
1246 2948 1339 3014 Oiroa
1361 2970 1431 3014 eam
1461 2948 1510 3015 VI
1537 2948 1702 3037 oppidis
1733 2948 1963 3015 condendis
1993 2951 2093 3016 electa
2121 2949 2214 3016 sedes

403 3063 465 3119 est:
489 3053 552 3118 duo
576 3052 618 3117 ad
640 3053 804 3118 meridiem
828 3075 928 3136 versa,
950 3054 1016 3119 1111
1031 3057 1206 3140 spectantia
1222 3057 1375 3120 orientem
1397 3056 1530 3120 modicis
1553 3058 1635 3121 inter
1657 3078 1691 3121 se
1713 3057 1825 3142 spatiis
1848 3055 2018 3138 distabant,
2042 3078 2081 3123 ne
2104 3058 2217 3144 procul

402 3158 608 3247 repetendum
638 3167 722 3225 esset
743 3168 887 3224 mutuum
911 3160 1075 3224 auxilium.
1111 3160 1184 3242 VII,
1209 3160 1260 3241 10,
1287 3161 1335 3225 15.
1383 3161 1488 3227 Noctu
1522 3161 1659 3242 demum,
1694 3183 1765 3226 eum
1801 3164 1976 3229 obscuritas
2010 3173 2213 3251 conspectum

404 3268 566 3332 oculorum
588 3266 768 3348 ademisset,
799 3267 847 3332 ad
874 3266 1096 3332 curandum
1127 3289 1273 3354 corpus
1297 3269 1434 3335 recessit.
1470 3268 1544 3347 Vll,
1570 3272 1621 3348 ll,
1645 3271 1698 3335 20.
1745 3267 1808 3333 Ad
1831 3290 1935 3355 quos
1959 3269 2217 3336 coercendos

401 3372 530 3439 Attinas
561 3375 698 3459 regionis
731 3375 798 3439 eius
829 3374 1015 3459 praefectus,
1049 3374 1130 3439 000
1164 3375 1296 3460 equites,
1330 3374 1525 3457 insidiarum,
1560 3396 1642 3460 quae
1675 3376 1879 3461 parabantur,
1914 3377 2053 3460 ignarus,
2090 3375 2212 3443 eduxit.

404 3479 496 3562 VIII,
521 3483 550 3561 1,
572 3483 603 3545 3.
649 3480 752 3563 Igitur
773 3479 807 3543 X
831 3479 944 3544 diebus
967 3481 1106 3545 maxime
1138 3478 1188 3544 ad
1220 3480 1540 3547 confirmandum
1574 3481 1773 3568 pudorem
1805 3481 1890 3567 apud
1913 3481 2111 3547 Maracanda
2142 3504 2219 3548 cou-

403 3587 537 3671 sumptis
560 3606 631 3650 cum
654 3595 744 3672 parte
766 3586 923 3652 exercitus
937 3585 1209 3673 Hephaestionem
1231 3589 1264 3652 in
1280 3588 1441 3672 regionem
1456 3588 1658 3653 Bactrianam
1681 3589 1775 3669 misit,
1799 3596 1992 3655 commeatus
2017 3590 2050 3655 in
2072 3591 2209 3655 hiemem

403 3699 596 3778 paraturum.
630 3691 723 3773 VIII,
746 3695 775 3773 2,
802 3694 852 3757 13.
899 3693 1030 3758 Interim
1063 3692 1111 3757 ad
1141 3694 1372 3778 augendam
1403 3694 1666 3761 formidinem
1701 3704 1733 3761 et
1761 3703 1863 3762 turres
1897 3696 2152 3763 admovebantur
2187 3703 2220 3762 et

404 3818 537 3863 excussa
559 3799 725 3863 tormentis
747 3800 811 3864 tela
832 3800 1002 3867 micabant.
1025 3799 1118 3881 VIII,
1142 3803 1171 3881 2,
1196 3802 1249 3866 26.
1295 3800 1421 3867 Relicta
1445 3801 1560 3867 deinde
1582 3804 1739 3889 phalange
1762 3802 1810 3867 ad
1835 3803 2093 3888 subigendos
2116 3802 2215 3888 Sag·

404 3902 569 3986 dianes,
602 3906 657 3990 qui
686 3903 873 3988 deiecerant,
908 3927 980 3970 cum
1013 3907 1118 3991 equite
1152 3909 1319 3992 processit.
1355 3908 1576 3990 1111114.
1622 3909 1770 3975 (ictorum
1804 3909 1893 3975 abire
1926 3917 2097 3997 conspectu
2127 3911 2218 3976 iubet

404 4009 514 4075 addito
537 4019 625 4077 metu
647 4013 767 4092 mortis,
791 4013 817 4076 si
841 4034 875 4078 11
898 4014 998 4078 oculis
1022 4015 1090 4078 eius
1113 4013 1288 4096 obtulisset,
1322 4022 1355 4079 et
1384 4013 1433 4078 ad
1463 4015 1716 4080 desiderium
1746 4015 1969 4082 levandum
1991 4025 2099 4082 noctes
2122 4037 2217 4102 agere

404 4118 487 4183 inter
508 4118 624 4204 pelices
647 4120 759 4206 eoepit.
782 4118 874 4201 VIII,
897 4122 927 4202 3,
952 4122 982 4185 5.
1027 4122 1130 4197 Quam
1152 4129 1189 4185 ut
1203 4142 1381 4207 respersam
1396 4141 1507 4186 cruore
1521 4124 1696 4208 conspexit,
1721 4130 1819 4203 ratus,
1843 4122 1891 4187 ad
1914 4122 2219 4210 deplorandam

408 4226 701 4290 contumeliam
723 4226 857 4308 venisse,
880 4225 985 4292 dicere
1006 4247 1088 4312 quae
1103 4226 1199 4292 vellet
1219 4227 1317 4294 iubet.
1341 4227 1433 4309 VIII,
1457 4229 1487 4310 3,
1513 4230 1564 4295 11.
1609 4229 1669 4294 1111
1684 4231 1826 4295 maxima
1840 4231 2053 4317 praesentium
2068 4249 2214 4293 curarum

406 4336 496 4415 parte
517 4330 670 4395 liberatus
693 4332 846 4398 convertit
868 4333 1008 4397 animum
1031 4331 1081 4397 ad
1104 4332 1391 4399 vindicandas
1414 4335 1590 4400 iniurias
1613 4357 1732 4420 eorum,
1754 4337 1869 4423 quibus
1893 4355 1912 4399 a
1933 4335 2132 4422 praetoribus
2154 4335 2220 4400 suis

406 4455 502 4500 avare
523 4455 561 4499 11
583 4437 718 4523 superbe
745 4437 969 4523 imperabatur.
1005 4437 1096 4504 VIII.
1130 4441 1160 4521 3,
1195 4441 1245 4507 16.
1291 4442 1403 4528 Itaque
1434 4442 1498 4524 ille,
1532 4443 1587 4528 qui
1621 4464 1756 4509 uxorem
1789 4443 1897 4524 Darei,
1930 4442 1985 4527 qni
2019 4440 2100 4507 duas
2133 4441 2216 4506 filias

405 4542 552 4627 virgines,
575 4542 690 4627 quibus
712 4542 813 4607 forma
835 4553 960 4630 praeter
981 4545 1138 4611 Roxanen
1161 4548 1326 4634 conparari
1349 4549 1436 4612 nulla
1457 4557 1591 4635 poterat,
1622 4550 1709 4615 haud
1739 4550 1801 4614 alio
1825 4549 1931 4613 animo
1956 4569 2053 4635 quam
2076 4548 2215 4636 parentis

405 4646 605 4736 adspexerat,
627 4657 703 4713 tunc
724 4650 757 4713 in
779 4671 920 4717 amorem
943 4652 1154 4737 virgunculae,
1189 4654 1216 4719 si
1247 4655 1354 4740 regiae
1382 4656 1472 4742 stirpi
1504 4662 1740 4743 conpararetur,
1774 4655 1923 4740 ignobilis
1945 4656 1991 4721 ita
2013 4654 2139 4721 effusus
2163 4661 2220 4734 111,

406 4760 444 4817 ut
465 4752 583 4820 diceret
605 4754 654 4820 ad
677 4756 973 4822 stabiliendum
996 4779 1160 4843 regnum
1182 4761 1349 4847 pertinere,
1370 4761 1485 4827 Persas
1508 4770 1540 4829 11
1562 4762 1753 4829 Mamdones
1777 4762 1917 4828 conubio
1940 4763 2050 4848 iungi:
2073 4762 2135 4826 hoc
2155 4780 2222 4825 uno

406 4858 501 4925 modo
525 4866 558 4926 11
578 4860 733 4948 pudorem
755 4863 847 4928 victis
876 4872 908 4929 et
936 4866 1115 4952 superbiam
1143 4867 1316 4932 victoribus
1347 4866 1470 4934 detrahi
1498 4890 1600 4957 posse.
1636 4867 1727 4950 VIII,
1751 4871 1782 4952 4,
1805 4871 1858 4937 25.
1906 4870 2071 4936 Craterum
2109 4874 2215 4934 autem

407 4966 457 5030 ad
479 4968 782 5055 persequendos
805 4969 1047 5039 Haustanen
1069 4981 1108 5039 et
1131 4973 1347 5057 Oratenen,
1369 4977 1424 5061 qui
1447 4975 1487 5041 ab
1511 4977 1579 5064 ipro
1603 4976 1792 5059 deiecerant,
1816 4978 1920 5045 misit:
1944 4996 2080 5062 quorum
2111 4973 2222 5041 Haus-

406 5081 496 5139 tanes
518 5083 627 5161 captns
650 5085 707 5158 est,
737 5076 872 5143 Catanes
901 5079 934 5144 in
964 5080 1085 5166 proelio
1117 5082 1249 5149 occisus.
1284 5081 1377 5165 VIII,
1400 5083 1430 5166 5,
1454 5086 1483 5150 2.
1531 5085 1643 5171 Itaque
1665 5084 1705 5149 in
1727 5081 2024 5172 permutandis
2047 5083 2219 5148 stationum
