4934 5950
1009 628 1109 639 W
1140 596 1188 672 13
1221 630 1319 641 mm

260 828 334 894 quc
364 808 575 889 veluntatem,
608 806 641 870 in
664 802 788 871 deditos
810 803 916 886 fidem,
948 807 983 871 in
1005 807 1146 893 captiuos
1170 806 1381 887 clementiam,
1417 807 1451 872 in
1474 807 1694 894 voluptatibus
1715 810 1877 896 permissis
1899 830 2024 896 quoque
2045 817 2078 876 et

259 914 386 980 usitatis
409 914 658 1001 temperantiam,
681 910 767 976 haud
789 911 946 977 tolerabili
968 914 1034 978 viui
1058 912 1230 1000 cupiditate
1255 911 1406 979 foedavit.
1427 912 1467 994 V,
1492 915 1521 993 7,
1549 916 1578 979 1,
1626 916 1742 982 Omnes
1758 916 1954 982 incaluerant
1968 936 2076 982 mero:

260 1021 368 1108 itaque
390 1032 524 1107 surgunt
546 1019 710 1086 temulenti
732 1016 780 1083 ad
802 1018 1103 1085 incendendam
1125 1019 1282 1100 urbem,
1319 1019 1369 1083 cui
1398 1019 1513 1084 armati
1536 1028 1751 1105 pepercerant.
1787 1020 1827 1103 V,
1852 1024 1881 1103 7,
1904 1021 1935 1087 5.
1980 1021 2076 1100 Quod

261 1115 316 1192 ubi
338 1127 505 1208 exercitus,
527 1127 582 1212 qui
603 1124 691 1191 haud
713 1125 824 1211 procul
845 1126 925 1190 urbe
947 1125 1107 1207 tendebat,
1141 1126 1318 1212 conspexit,
1351 1125 1517 1190 fortuitum
1540 1132 1627 1190 ratus
1650 1124 1698 1189 ad
1722 1148 1839 1213 opem
1861 1127 2074 1195 ferendam

260 1234 426 1301 concurrit
449 1233 489 1316 V,
513 1235 543 1315 7,
566 1235 597 1299 6.
643 1231 761 1296 Bactra
782 1231 900 1297 intacta
921 1240 1004 1313 suut,
1028 1231 1102 1299 Indi
1116 1240 1156 1324 et
1179 1231 1280 1297 Sacae
1302 1232 1335 1296 in
1357 1239 1413 1295 tua
1434 1237 1609 1318 potestate:
1632 1239 1680 1297 tot
1701 1234 1811 1319 populi
1833 1241 1882 1299 tot
1904 1235 2072 1317 exercitus,

258 1346 307 1405 tot
330 1341 472 1424 equitum
494 1339 702 1427 peditumque
724 1338 813 1403 milia
841 1338 889 1403 ad
919 1337 1180 1405 renovandus
1210 1339 1320 1404 vires
1353 1344 1465 1424 parata
1496 1337 1624 1419 habeut,
1659 1346 1695 1403 ut
1728 1340 1829 1403 maior
1863 1340 1938 1406 beili
1973 1343 2073 1408 molas

255 1447 392 1534 supersit
422 1466 516 1532 quam
548 1445 704 1511 exhausta
735 1445 784 1509 sit.
820 1444 861 1525 V,
884 1447 916 1526 9,
940 1447 970 1511 5.
1017 1446 1096 1510 Dux
1119 1444 1315 1511 Graecorum
1337 1444 1474 1509 militum
1495 1443 1616 1509 Patron
1639 1465 1728 1510 arma
1750 1466 1862 1532 capere
1884 1466 1960 1512 suos
1982 1449 2073 1514 iubet

255 1559 445 1640 paratosque
466 1574 536 1619 esse
558 1551 607 1617 ad
631 1550 918 1636 exequendum
941 1552 1175 1639 imperium.
1198 1550 1239 1632 V,
1262 1552 1292 1632 9,
1319 1552 1370 1617 15.
1414 1549 1546 1636 lamque
1568 1570 1633 1617 nox
1657 1549 1837 1638 adpetebat,
1861 1573 1934 1617 cum
1955 1553 2074 1621 Persae

256 1679 345 1724 more
366 1659 459 1722 solito
483 1659 580 1723 armis
612 1658 724 1744 positis
755 1655 805 1721 ad
834 1658 1074 1722 necessaria
1106 1679 1148 1723 ex
1180 1657 1327 1743 proximo
1362 1657 1432 1721 uico
1467 1655 1638 1722 ferenda
1672 1656 1861 1724 discurrunt.
1897 1656 1940 1742 V,
1964 1662 2016 1742 12,
2038 1660 2072 1727 6,

255 1762 441 1829 Alexander
474 1764 616 1829 hostium
645 1762 855 1850 trepidatione
888 1771 1050 1851 comperta
1080 1763 1275 1829 Nicanorum
1308 1783 1380 1827 cum
1414 1763 1558 1848 equiturn
1591 1770 1681 1848 parte
1715 1763 1763 1829 ad
1796 1765 2073 1832 inhibendam

255 1871 393 1955 fugam
417 1871 545 1938 emittit:
570 1872 637 1958 ipse
660 1892 731 1935 cum
754 1871 866 1936 oeterh
888 1871 1039 1956 sequitur.
1065 1869 1104 1952 V,
1130 1872 1180 1951 13,
1207 1871 1257 1934 19.
1305 1867 1445 1933 Tenaces
1461 1870 1578 1954 quippe
1593 1867 1778 1955 disciplinae
1797 1892 1875 1937 suae
1896 1873 2072 1959 solitosque

255 1997 352 2063 parco
375 1997 413 2041 ac
436 1977 571 2063 parabili
594 1978 680 2042 rictu
703 1975 752 2041 ad
774 1976 976 2063 inplenda
998 1985 1170 2043 naturae
1193 1973 1407 2040 desideria
1429 1973 1560 2058 defungi
1582 1974 1616 2039 in
1631 1976 1800 2061 peregriua
1815 1985 1848 2043 et
1874 1975 2071 2044 devictarum

253 2083 396 2167 gentium
419 2083 504 2147 mala
527 2084 705 2170 impulerat.
740 2082 798 2165 VI,
822 2085 852 2164 2,
875 2086 906 2150 3.
953 2083 1044 2148 Trmc
1066 2082 1115 2147 ad
1137 2079 1387 2169 repetendas
1410 2101 1474 2147 res
1496 2081 1794 2162 festinabitis„tunc
1817 2105 1906 2148 arma
1928 2086 2070 2171 capietis.

253 2187 313 2269 VI,
336 2191 366 2261 3,
392 2190 443 2254 15.
490 2188 622 2254 Praeter
645 2190 725 2253 alios
755 2197 958 2271 commeatus,
991 2209 1126 2276 quorum
1160 2196 1227 2253 tum
1262 2187 1354 2274 copia
1386 2188 1473 2272 regio
1508 2186 1708 2270 abundabat,
1744 2210 1913 2275 pomorum
1946 2212 2072 2278 quoque

254 2295 364 2379 ingens
398 2294 513 2359 modus
550 2295 690 2360 nascitur
722 2302 755 2360 et
787 2296 1035 2361 uberrimum
1067 2293 1289 2381 gignendis
1321 2294 1415 2357 uvis
1449 2293 1552 2357 solum
1587 2301 1644 2360 est
1679 2293 1732 2376 VI,
1761 2296 1792 2377 4,
1821 2298 1876 2363 21.
1923 2280 2072 2364 ceterum

256 2400 460 2485 interrogata,
483 2422 560 2467 num
582 2401 703 2488 aliquid
725 2409 833 2489 petere
855 2403 959 2484 vellet,
988 2401 1075 2467 haud
1106 2401 1268 2465 dubitarit
1294 2399 1386 2465 fateri
1409 2397 1457 2464 cd
1479 2401 1843 2466 communicandos
1867 2424 1955 2468 curu
1977 2424 2070 2490 rege

254 2505 415 2571 liberos
437 2529 472 2571 se
495 2509 630 2588 venisse,
654 2507 793 2592 dignam,
817 2529 858 2574 ex
881 2529 945 2594 qua
966 2509 1035 2595 ipse
1057 2508 1147 2592 regui
1168 2513 1337 2591 generaret
1358 2505 1505 2572 heredes:
1528 2506 1671 2571 feminini
1692 2528 1847 2574 sexus'se
1869 2517 2071 2593 retenturam,

256 2633 376 2677 marem
400 2613 595 2679 reddituram
617 2616 708 2702 patri.
731 2606 842 2695 utu,
866 2618 918 2681 30.
962 2615 1006 2681 Et
1027 2615 1103 2700 quia
1123 2613 1248 2698 longius
1271 2612 1382 2678 abesse
1404 2633 1478 2678 eum
1501 2620 1699 2697 cognoverat,
1724 2612 1770 2678 ud
1793 2615 2069 2702 expugnandos

254 2739 338 2800 eos,
377 2721 431 2805 qui
468 2719 555 2787 edita
592 2723 747 2786 montium
786 2730 1025 2808 occupaverant,
1062 2720 1152 2786 redit
1191 2719 1250 2801 ΥΙ,
1280 2720 1311 2800 6,
1342 2718 1394 2784 25.
1450 2718 1524 2784 Rex
1561 2717 1610 2783 ad
1648 2721 2070 2807 conprehendendum

253 2822 444 2912 Dymnum
463 2828 568 2892 missis
589 2828 779 2893 satellitibus
794 2828 1072 2893 armamentarium
1093 2827 1199 2891 intrat
1220 2824 1279 2906 VI,
1303 2827 1332 2905 7,
1356 2826 1408 2890 24.
1455 2823 1539 2889 Satis
1561 2823 1700 2888 hostium
1723 2840 1875 2912 superest,
1896 2826 1946 2891 ad
1968 2849 2068 2912 quos

174 2997 178 3002 ,
254 2930 575 3019 persequendos
598 2934 675 2998 ituri
697 2953 821 2998 sumus:
844 2932 1175 3000 latusadomesticis
1198 2931 1342 2996 hostibus
1368 2930 1465 2996 muni.
1489 2928 1546 3014 VI,
1570 2931 1600 3012 8,
1623 2933 1654 2998 9.
1699 2931 1746 2998 Hi
1770 2932 1817 2998 ad
1841 2934 1951 2999 alios
1975 2955 2068 3001 cou-

254 3039 416 3103 iuratos
451 3039 849 3126 conprehendendos
884 3040 1044 3105 distributi
1066 3046 1154 3108 sunt:
1188 3036 1357 3103 Atharrias
1395 3057 1468 3102 cum
1507 3040 1653 3104 necentis
1686 3039 1728 3103 ad
1760 3039 1922 3107 Philotam
1954 3043 2069 3108 missus

254 3144 395 3210 clausum
437 3144 558 3210 aditum
596 3145 710 3211 domus
747 3147 947 3225 moliebatur,
981 3146 1008 3211 L
1040 3147 1188 3210 iuvenum
1223 3144 1467 3231 promptissimis
1501 3145 1646 3230 stipatus,
1680 3166 1754 3210 narn
1788 3155 1908 3213 ceteros
1943 3149 2068 3233 cingere

253 3250 393 3337 undique
416 3251 549 3317 domum
571 3253 715 3332 iusserat,
743 3274 783 3318 ne
806 3254 928 3317 occulto
952 3252 1042 3317 aditu
1065 3252 1209 3316 Philotas
1231 3258 1339 3337 posset
1360 3250 1452 3315 elabi.
1477 3250 1529 3330 VI,
1553 3252 1582 3330 8,
1607 3252 1660 3317 20.
1707 3251 1806 3316 Haud
1828 3274 1987 3339 quaquam
2009 3276 2067 3341 pro

252 3378 308 3443 spe
331 3359 430 3444 ipsius
452 3357 613 3445 Amyntae
636 3361 737 3424 oratio
759 3367 851 3444 grata
873 3361 941 3444 regi
964 3360 1033 3438 init,
1056 3358 1142 3443 quod
1164 3357 1343 3441 coniugum,
1372 3355 1457 3442 quod
1486 3356 1608 3441 patriae
1638 3356 1818 3423 admonitos
1841 3360 1995 3445 pigriores
2018 3360 2067 3426 ad

254 3471 397 3529 cetera
419 3467 557 3530 munia
580 3465 828 3551 exequenda
850 3466 1031 3531 iecisset
1059 3465 1116 3545 VI,
1139 3466 1169 3544 9,
1193 3465 1245 3528 29.
1292 3462 1433 3529 Consilio
1467 3481 1542 3546 ergo
1577 3462 1707 3528 dimisso
1741 3464 1963 3552 Hephaestion
1996 3487 2067 3532 5111

256 3568 387 3635 Cratero
406 3581 438 3635 et
454 3572 560 3637 Coeno
585 3573 634 3637 ad
658 3574 946 3657 quaestionem
966 3572 1006 3637 de
1020 3571 1150 3636 Philota
1172 3569 1400 3634 habendam
1423 3578 1622 3653 consurgunt
1645 3570 1832 3651 ΥΙ,11,11.
1878 3572 2066 3659 Adgnosces

255 3682 371 3756 autem,
394 3697 476 3760 quac
496 3676 637 3742 dicturus
661 3697 747 3743 sum:
770 3680 888 3765 quippe
902 3679 1084 3758 meministi,
1106 3698 1178 3742 cum
1200 3696 1252 3740 me
1275 3674 1323 3738 ad
1345 3674 1630 3761 perducendos
1653 3698 1696 3742 511
1710 3676 1900 3744 Macedonia
1922 3682 2065 3748 milites

254 3782 403 3861 mitteres,
440 3782 560 3849 dixisse
595 3793 636 3862 te,
671 3787 788 3850 multos
821 3787 960 3869 integros
992 3786 1122 3849 iuvenes
1151 3785 1182 3847 11
1213 3781 1308 3846 domo
1331 3791 1404 3846 tuae
1427 3783 1536 3847 matris
1559 3783 1722 3849 abscondi.
1756 3785 1831 3867 VH,
1857 3789 1961 3866 1,37.
2004 3787 2064 3854 Ad

254 3908 370 3973 quem
400 3889 739 3976 persequendum
768 3891 1104 3977 puniendumque
1138 3889 1219 3971 vide,
1254 3895 1406 3973 quantum
1436 3886 1512 3952 lidei
1545 3898 1619 3953 tuae
1652 3889 1779 3956 credam
1801 3928 1845 3940 —
1867 3901 1899 3959 te
1920 3894 2065 3960 ministro

251 3994 298 4057 uti
322 3997 429 4061 statui.
467 3994 542 4077 VH,
565 3996 595 4078 2,
622 4000 673 4062 14.
719 3996 917 4083 Agendae
941 4005 1077 4062 antem
1100 3996 1158 4061 rei
1191 3996 1417 4060 constituerant
1449 4001 1584 4081 tempus,
1620 4016 1690 4060 cum
1712 3996 1904 4064 Parmenion
1926 4021 1946 4065 a
1967 4000 2064 4088 Poly·

251 4097 401 4166 damante
418 4102 538 4167 litteras
554 4103 686 4168 traditas
701 4106 807 4189 legere
829 4106 993 4191 coepisset
1018 4103 1092 4184 VH,
1116 4107 1147 4184 2,
1169 4105 1222 4169 23.
1268 4099 1460 4187 Polydamas
1482 4102 1592 4187 procul
1607 4104 1746 4186 veniens,
1768 4112 1805 4170 ut
1819 4126 1838 4169 a
1853 4105 2063 4175 Parmenione

252 4215 437 4294 conspectus
461 4216 520 4290 est,
545 4210 635 4273 vultu
650 4210 789 4276 laetitiae
806 4212 943 4298 speciem
958 4210 1153 4297 praeferente
1176 4208 1226 4274 ad
1249 4206 1603 4293 complectendum
1628 4231 1715 4275 eum
1736 4212 1874 4275 cucurrit
1888 4220 2062 4300 mutusque

251 4316 465 4398 mutilatione
487 4317 597 4395 structi,
619 4314 813 4403 Polydamas
836 4318 1000 4402 epistolam
1024 4339 1133 4403 arege
1147 4317 1298 4403 scriptam
1321 4314 1349 4380 ei
1365 4312 1505 4394 tradidit,
1527 4314 1718 4381 Parmenion
1733 4317 1894 4383 uinculum
1909 4320 2062 4406 epistolae

253 4420 388 4502 solvens,
423 4422 574 4508 quidnam
605 4445 663 4488 rex
693 4433 814 4508 ageret,
847 4424 1039 4510 requirebat.
1074 4424 1149 4505 ΥΠ,
1171 4425 1201 4502 2,
1226 4424 1278 4487 24.
1323 4419 1571 4486 Condendae
1593 4422 1626 4487 in
1648 4422 1808 4488 radicibus
1830 4426 1947 4491 montis
1969 4429 2058 4493 urbi

252 4524 343 4591 sedes
368 4527 469 4591 electa
492 4537 548 4593 est.
573 4528 649 4609 VH,
674 4532 704 4609 3,
729 4532 780 4595 23.
824 4529 968 4595 Anxium
985 4550 1091 4615 regem
1107 4530 1203 4594 tantis
1216 4528 1309 4593 malis
1323 4527 1502 4592 circumfusi
1525 4528 1627 4609 amici,
1648 4537 1686 4595 ut
1699 4532 1902 4614 meminisset,
1918 4533 2060 4612 orabant,

253 4633 350 4696 animi
380 4633 428 4696 sui
460 4634 710 4716 magnitudinem
733 4637 862 4700 unicum
884 4636 1059 4702 remedium
1088 4635 1263 4704 deficientis
1296 4634 1455 4698 exercitus
1488 4655 1573 4700 esse:
1609 4656 1681 4700 cum
1715 4658 1756 4702 ex
1789 4637 1848 4716 his,
1880 4639 1935 4723 qui
1967 4659 2059 4724 prae·

253 4748 412 4804 cesserant
434 4736 482 4802 ad
506 4740 746 4826 capiendum
769 4744 902 4807 locum
925 4744 1044 4826 castris,
1074 4742 1138 4808 duo
1161 4749 1329 4807 occurrunt
1350 4740 1474 4805 utribus
1497 4763 1612 4828 aquam
1632 4751 1801 4827 gestantes,
1832 4751 1868 4807 ut
1888 4743 1962 4808 filiis
1985 4747 2061 4828 suis,

253 4863 332 4928 quos
354 4845 386 4908 in
409 4844 522 4910 ecdem
545 4847 670 4930 agmine
692 4869 762 4913 esse
782 4859 817 4912 et
838 4869 932 4934 aegre
954 4851 1020 4936 pati
1042 4850 1127 4915 sitim
1150 4871 1214 4915 uon
1234 4847 1432 4933 ignorabant,
1455 4858 1661 4914 occurrerent.
1690 4848 1764 4930 ΥΠ,
1787 4852 1817 4931 5,
1843 4853 1894 4917 10.
1939 4850 1984 4916 At
2007 4853 2062 4922 ille

253 4949 414 5014 thoracem
437 4951 542 5016 adbuc
564 4951 692 5017 indutus
714 4976 774 5020 nec
796 4963 852 5019 aut
874 4957 945 5021 cibo
975 4958 1109 5023 refectus
1138 4965 1194 5021 aut
1222 4963 1310 5042 potu,
1345 4974 1407 5039 qua
1439 4954 1587 5020 ueniebat
1619 4954 1785 5037 exercitus,
1820 4957 1967 5038 constitit,
2002 4979 2060 5024 uec

253 5065 327 5124 cute
349 5057 397 5120 ad
420 5059 638 5124 curandum
662 5079 810 5146 corpus
833 5063 969 5142 recessit,
992 5083 1087 5148 quam
1111 5064 1347 5149 praeterierant,
1370 5063 1424 5146 qui
1446 5081 1561 5145 agmen
1582 5061 1780 5143 claudebant,
1804 5070 1965 5150 totamque
1987 5085 2058 5131 eam
