4934 5950
1276 590 1298 661 6
1330 632 1429 644 Μ...

375 799 582 865 morabantur
604 798 734 864 auxilia.
758 796 818 879 lX,
841 799 871 878 4,
894 799 947 864 32.
992 796 1163 882 Pugnabat
1184 818 1242 884 pro
1265 817 1341 883 rege
1362 798 1500 884 primum
1524 800 1675 866 celebrati
1697 802 1836 867 nominis
1858 803 1953 885 1555,
1985 803 2101 872 deinde
2122 806 2192 873 des·

376 906 508 991 paratio,
532 924 683 989 magnum
705 903 753 968 ad
775 903 946 970 honeste
967 903 1220 970 moriendum
1241 905 1490 972 incitamentum.
1515 905 1575 987 IX,
1599 907 1630 987 5,
1653 908 1684 973 6.
1731 907 1789 975 1115
1807 916 1851 992 nt,
1874 917 2045 996 antequam
2060 913 2192 981 ultimus

374 1011 504 1096 spiritns
526 1011 684 1093 deficeret,
705 1010 858 1075 dimicans
879 1017 986 1077 tamen
1008 1010 1255 1095 extingueretur,
1285 1011 1386 1098 clipeo
1413 1033 1449 1078 55
1471 1010 1620 1078 adlevare
1642 1019 1774 1078 conatus
1796 1023 1860 1080 cst:
1893 1023 1926 1082 et
1947 1023 2116 1104 postquam
2138 1019 2192 1085 ad

375 1118 639 1184 conitendum
660 1117 740 1183 nihil
761 1124 925 1204 supererat
945 1118 1071 1198 virium,
1094 1116 1228 1184 dextera
1249 1117 1456 1206 inpendentes
1479 1140 1584 1184 ramos
1607 1120 1782 1206 conplexus
1804 1123 1982 1209 temptabat
2005 1122 2189 1209 adsurgam.

373 1221 434 1304 lX,
456 1225 487 1305 5,
512 1226 564 1291 12.
611 1223 751 1310 Corpore
773 1221 889 1289 deinde
910 1222 1031 1288 nudato
1054 1223 1311 1290 animadvertunt
1333 1225 1443 1291 hamos
1465 1227 1570 1292 inesse
1592 1227 1656 1290 telo
1678 1247 1737 1292 555
1767 1227 1860 1294 aliter
1887 1228 1922 1294 id
1951 1230 2019 1296 eine
2047 1232 2187 1318 pernicie
2218 1286 2220 1291 ,

375 1331 515 1417 corporis
537 1330 663 1396 extrahi
685 1350 779 1416 posse
801 1349 897 1414 quam
918 1337 955 1394 ut
975 1329 1153 1396 secando
1176 1332 1293 1397 551555
1315 1339 1476 1417 augerent
1501 1331 1560 1414 1Χ,
1583 1334 1613 1413 5,
1637 1334 1690 1399 23.
1737 1331 1965 1401 Athenodorus
2001 1344 2069 1403 erat
2104 1339 2191 1425 prin·

377 1456 451 1522 ceps
473 1456 593 1516 corum,
615 1436 670 1520 qui
693 1436 776 1520 regis
799 1455 925 1521 qnoque
946 1456 1063 1502 nomen
1085 1435 1314 1525 adsumpserat,
1336 1459 1401 1505 non
1422 1446 1488 1504 tam
1511 1439 1639 1525 imperii
1662 1439 1859 1527 cupidine
1882 1461 1979 1526 quam
2000 1445 2034 1509 15
2056 1445 2192 1531 patriam

375 1540 607 1607 revertendi
631 1561 702 1606 cum
723 1541 772 1624 iia,
795 1542 849 1627 qni
872 1542 1091 1609 auctoritatem
1112 1544 1212 1631 ipsius
1225 1545 1449 1630 sequebantur.
1473 1544 1531 1625 IX,
1556 1547 1585 1626 7,
1608 1547 1639 1611 3.
1685 1543 1736 1610 Ac
1755 1566 1797 1612 55
1818 1547 1920 1612 levius
1943 1547 2076 1633 quidem
2099 1552 2191 1636 aegri

373 1647 464 1733 55551
485 1654 649 1734 poterant;
682 1649 799 1736 quippe
830 1669 946 1734 agmen
972 1649 1088 1737 raptim
1117 1651 1273 1736 agebatur
1301 1658 1424 1716 tantum
1454 1651 1586 1736 singulis
1616 1650 1660 1714 ed
1683 1673 1773 1738 spem
1795 1653 1906 1719 salutis
1928 1654 2013 1741 ipsos
2035 1655 2190 1741 prolicere

376 1751 586 1837 medentibus,
616 1761 768 1840 quantum
789 1755 911 1821 itineris
933 1755 1169 1821 festinando
1192 1756 1419 1842 praeciperent
1450 1755 1509 1836 ΙΧ,
1535 1757 1586 1837 10,
1611 1757 1662 1822 14.
1710 1757 1773 1821 His
1795 1759 1899 1824 laetus
1920 1761 1961 1825 in
1982 1759 2191 1849 Europam

378 1859 619 1925 traiiciendi
642 1861 861 1926 consilinm
885 1860 999 1943 omisit,
1021 1860 1077 1927 555
1100 1861 1211 1926 exules
1232 1868 1359 1947 praeter
1380 1862 1522 1946 555551
1545 1861 1632 1926 cirili
1655 1863 1809 1945 sanguine
1824 1866 1945 1949 aspersi
1971 1875 2071 1948 erant,
2093 1868 2192 1956 recipi

379 1966 421 2031 ab
444 1966 593 2032 omnibns
609 1966 803 2033 Graecorum
825 1967 1016 2047 civitatibus,
1037 1966 1108 2052 quis
1130 1967 1214 2053 pulsi
1234 1974 1334 2049 erant,
1350 1968 1456 2053 jussit
1481 1956 1534 2047 Χ,
1547 1969 1577 2048 2,
1600 1969 1630 2034 4.
1676 1967 1729 2033 1111
1751 1969 1899 2056 temptari
1925 1970 2012 2057 ipsos
2034 1960 2104 2051 rati,
2126 1993 2191 2057 quo

377 2072 500 2138 facilius
515 2072 556 2137 ab
571 2073 702 2158 integris
716 2078 919 2160 sumptuosos
934 2071 1134 2154 discerneret,
1148 2073 1396 2159 prolatando
1412 2074 1611 2159 aliquantum
1623 2070 1832 2140 extraxerant
1846 2076 2008 2162 temporis.
2031 2075 2075 2157 X,
2091 2079 2121 2158 2,
2140 2080 2191 2145 10.

377 2178 491 2244 Ρ5155
514 2186 598 2245 certe
619 2179 749 2266 rupistis
771 2179 939 2265 imperium
962 2186 995 2244 ct
1016 2180 1158 2266 precario
1187 2200 1247 2245 rex
1274 2202 1354 2262 555,
1387 2180 1439 2245 551
1472 2200 1549 2244 555
1583 2178 1846 2265 adloquendi,
1879 2189 1963 2247 555
1991 2182 2191 2249 55555551

379 2285 648 2371 5555551555
671 2292 727 2350 ant
748 2285 890 2350 intuendi
912 2305 971 2351 555
993 2287 1056 2351 155
1077 2286 1258 2372 reliquistis.
1292 2285 1390 2367 Χ,2,
1416 2287 1467 2352 15.
1515 2284 1600 2351 Tum
1622 2286 1685 2366 ille,
1713 2307 1777 2351 non
1800 2286 1929 2353 hercule
1950 2288 2062 2373 inquit,
2085 2295 2192 2375 potest

377 2391 456 2474 fieri,
479 2399 516 2457 ut
539 2390 688 2473 adducar,
711 2391 912 2476 querendi
935 2393 1028 2457 simul
1051 2393 1197 2460 omnibus
1219 2394 1302 2459 hano
1324 2413 1499 2473 causam,
1530 2411 1626 2477 quam
1650 2392 1825 2475 ostenditis,
1852 2394 1972 2479 inqua
1993 2395 2096 2459 maior
2116 2416 2190 2481 pars

380 2499 538 2563 exercitus
570 2519 635 2563 non
667 2506 723 2579 eet,
755 2504 866 2584 utpote
898 2518 996 2583 quum
1027 2500 1135 2585 plures
1166 2499 1350 2582 dimiserim,
1384 2520 1480 2586 quam
1503 2506 1683 2565 retenturus
1706 2520 1786 2566 555.
1819 2498 1863 2580 X,
1887 2503 1918 2582 2,
1942 2504 1994 2569 19.
2040 2501 2191 2568 Ceterum

375 2603 477 2685 555111,
498 2625 539 2669 55
560 2611 680 2670 temere
702 2605 952 2670 commilitonum
973 2604 1070 2671 fidem
1093 2605 1268 2690 domarent,
1290 2607 1460 2672 substitere
1481 2605 1677 2693 praeparatis
1700 2604 1746 2669 ad
1769 2604 2045 2673 dimicandum
2068 2610 2190 2691 animis,

375 2710 403 2775 si
425 2710 495 2795 quis
518 2710 583 2775 515
605 2709 743 2778 inferret.
767 2710 809 2791 Χ,
831 2714 862 2792 9,
887 2713 937 2778 15.

486 3123 544 3215 ΙΙ.
578 3121 868 3214 Gerundium
899 3122 1210 3212 intransitiver
1241 3116 1394 3213 Verba
1425 3122 1473 3209 in
1505 3116 1809 3236 Verbindung
1840 3120 1928 3207 mit
1959 3121 2084 3210 einer

964 3262 1227 3381 obJ'ektiven
1259 3263 1592 3381 Bestimmung.

478 3458 544 3525 Sed
577 3460 661 3524 hanc
691 3478 817 3544 quoque
850 3453 1103 3542 expeditionem,
1140 3461 1178 3519 nt
1209 3454 1360 3542 pleraque
1394 3452 1472 3534 alia,
1510 3453 1636 3517 fortuna
1669 3450 1924 3537 indulgendo
1959 3454 1997 3518 ei
2029 3473 2192 3539 nunquam

375 3564 557 3650 fatigata
579 3586 636 3653 pro
660 3565 791 3630 absente
812 3560 974 3646 transegit.
997 3559 1088 3642 vill,
1111 3562 1142 3643 3,
1167 3561 1196 3628 1.

494 3994 576 4085 ΙΙΙ.
608 3992 904 4113 Moglichkeit
936 3991 1017 4079 der
1048 3989 1329 4106 Vertretung
1361 3987 1442 4076 555
1474 3986 1788 4076 Gerundiums
1820 3985 1968 4076 durch
2001 3986 2082 4075 555

1116 4129 1449 4221 Gerundivum.

380 4289 563 4362 (Gerundium
586 4289 747 4346 transitivas
769 4288 863 4344 Verba
885 4290 925 4342 im
949 4287 1067 4342 Genetiv
1090 4286 1148 4341 und
1171 4284 1287 4340 Ablativ
1311 4284 1341 4337 15
1358 4282 1542 4354 Verbindung
1559 4282 1612 4336 mit
1638 4282 1716 4338 einer
1744 4282 1906 4354 objektiven
1923 4282 2116 4353 Bestimmung
2133 4281 2192 4336 und

855 4377 1026 4447 Vertretung
1043 4375 1092 4430 des
1111 4373 1295 4429 Gerundiums
1313 4371 1402 4426 durch
1420 4371 1470 4426 555
1489 4372 1700 4441 (1555551555.)

483 4520 601 4587 1555115
623 4519 740 4587 551555
762 4517 1012 4599 adfirmantibus,
1033 4515 1153 4582 editam
1175 4534 1245 4580 esse
1267 4514 1395 4579 oraculo
1415 4519 1542 4595 sortem,
1565 4512 1666 4578 Asiae
1686 4513 1871 4599 potiturum,
1893 4510 1948 4597 qui
1969 4512 2192 4599 inexplicabile

380 4629 542 4693 vinculum
564 4627 719 4710 solvisset,
754 4624 905 4713 cupido
932 4623 1061 4689 incessit
1086 4622 1192 4686 auimo
1219 4620 1338 4685 sortis
1367 4620 1447 4685 5155
1470 4617 1709 4706 explendae.
1746 4618 1935 4701 111,1,1e.
1982 4617 2191 4684 Trahendi

378 4754 455 4800 vero
489 4735 590 4801 belli
622 4735 678 4799 rix
711 4733 810 4798 ullam
845 4751 914 4798 esee
946 4729 1164 4795 rationem.
1202 4727 1264 4808 Ill,
1288 4728 1319 4808 8,
1342 4729 1372 4792 1.
1420 4725 1495 4791 Rex
1528 4725 1657 4811 quidem
1687 4724 1867 4790 Dareum
1895 4723 2192 4812 persequendo

377 4841 600 4926 fatigatus,
632 4849 802 4929 postquam
824 4846 857 4905 et
878 4858 944 4903 nox
966 4835 1138 4922 adpetebat
1159 4841 1192 4900 et
1214 4831 1492 4915 consequendi
1513 4853 1608 4918 spes
1630 4852 1695 4897 non
1720 4838 1797 4913 erat,
1821 4832 1855 4897 in
1876 4838 1979 4896 castra
2000 4831 2096 4917 paulo
2119 4839 2193 4898 ante

379 4968 399 5012 a
431 4948 498 5013 suis
537 4956 630 5036 capta
663 4948 816 5036 pervenit.
849 4944 910 5025 III,
945 4942 997 5024 12,
1028 4944 1057 5008 1.
1104 4942 1168 5018 Qui
1201 4940 1305 5005 territi
1337 4945 1445 5004 tamen
1477 4959 1579 5025 spem
1610 4938 1840 5004 retinendi
1871 4935 2096 5023 Aegyptum
2129 4958 2192 5004 non

377 5055 560 5122 omiserunt.
595 5056 653 5138 IV,
677 5060 707 5140 1,
731 5058 782 5124 30.
828 5049 1017 5136 Magnitudo
1040 5049 1125 5131 belli,
1157 5046 1245 5134 quod
1277 5047 1319 5112 ab
1354 5044 1599 5133 opulentissimis
1631 5043 1783 5132 Europae
1810 5042 1972 5129 Asiaeque
2000 5043 2128 5129 regibcu
2149 5044 2191 5108 in
