4934 5950
256 826 423 895 vicibus
446 832 613 910 ceteroque
635 830 790 913 apparatu
813 826 1018 912 exequendae
1040 826 1085 891 101
1100 825 1202 892 XXX
1224 833 1257 891 et
1279 825 1343 892 duo
1366 825 1434 891 dies
1457 826 1618 912 absumpti
1641 832 1723 890 sunt.
1749 824 1839 906 VIII,
1855 827 1885 905 6,
1905 828 1955 893 11.
2000 827 2074 893 Rex

260 933 428 1017 benignius
450 951 545 1018 quam
568 932 647 997 alias
669 931 836 997 adlocutus
859 932 1021 999 discedere
1043 952 1098 999 eos
1121 931 1169 997 ad
1193 931 1375 997 curanda
1399 952 1594 1018 corpora,
1624 932 1774 1017 quoniam
1796 937 1865 996 tota
1887 939 1980 998 noete
2002 953 2072 1020 per·

259 1040 422 1120 1111111001,
451 1038 550 1104 iubet.
587 1038 676 1119 VIII,
700 1040 730 1121 6,
757 1040 808 1107 19.
855 1038 993 1116 Quidam
1022 1037 1173 1120 adiciunt,
1208 1058 1281 1104 oum
1304 1039 1496 1105 Hermolaus
1519 1036 1605 1124 apud
1628 1057 1701 1102 eum
1723 1058 1849 1123 quoque
1871 1038 2073 1113 verberabam

257 1167 294 1211 se
315 1166 335 1209 a
356 1165 433 1229 rege
455 1151 648 1229 quereretur,
671 1144 791 1211 dixisse
814 1144 1036 1226 Callisthenen,
1059 1145 1241 1211 meminisse
1264 1144 1380 1211 debere
1401 1165 1455 1210 eos
1478 1145 1542 1208 iam
1566 1144 1651 1207 11101
1674 1165 1757 1211 esse:
1787 1142 1882 1230 idque
1906 1144 1954 1208 ad
1978 1165 2071 1211 con·

253 1250 471 1317 solandam
493 1252 747 1337 patientiam
768 1253 937 1318 verberum
959 1273 1000 1317 an
1023 1251 1072 1316 ad
1096 1250 1358 1317 incitandum
1381 1251 1532 1316 iuvenum
1556 1248 1744 1314 dolorem
1767 1249 1888 1314 dictum
1913 1259 2004 1329 esset,
2039 1252 2072 1315 in

253 1359 406 1443 ambiguo
429 1358 536 1424 luisse.
562 1357 649 1439 VIII,
673 1361 703 1441 6,
728 1358 780 1425 25.
826 1360 967 1425 Invicem
996 1360 1080 1425 enim
1109 1341 1295 1424 miserorum
1324 1359 1422 1423 uteris
1454 1357 1601 1422 manibus
1636 1356 1683 1422 ad
1713 1354 1955 1443 expetenda
1977 1378 2072 1443 sup·

255 1464 387 1552 plicia
408 1470 450 1545 et,
479 1484 559 1551 quos
581 1466 675 1551 01010
699 1474 774 1531 1010
795 1467 956 1532 ministros
978 1465 1083 1533 caedis
1107 1465 1255 1545 habuisti,
1279 1465 1385 1532 subito
1409 1464 1450 1528 ab
1474 1464 1543 1528 aliis
1567 1463 1657 1528 iubes
1681 1461 1840 1529 trucidari
1871 1462 1962 1542 VIII,
1986 1465 2015 1544 V,
2038 1464 2070 1529 6.

259 1571 334 1653 Sed,
356 1592 396 1636 ne
418 1572 520 1636 otium
544 1572 733 1637 serendis
756 1573 991 1639 rumoribus
1014 1581 1144 1638 natum
1167 1573 1274 1651 aleret,
1297 1571 1330 1635 in
1346 1569 1471 1634 Indiam
1493 1570 1603 1649 morit,
1627 1589 1753 1655 semper
1775 1569 1859 1634 bello
1882 1590 1978 1655 quarn
2000 1579 2073 1655 post

257 1678 421 1743 1101011110
444 1677 565 1742 clarior.
595 1678 686 1760 VHl,
710 1681 740 1761 9,
766 1682 794 1744 1.
839 1679 985 1745 (laterum
1021 1698 1103 1764 quae
1133 1679 1280 1765 propiora
1302 1685 1376 1742 sunt
1398 1678 1486 1755 mari,
1522 1675 1670 1760 aquilone
1704 1675 1845 1741 maxims
1880 1674 2071 1744 deuruntur:

256 1786 284 1850 is
305 1784 463 1849 cohibitus
486 1784 569 1869 iugis
591 1786 747 1851 montium
769 1785 811 1850 ad
833 1786 983 1851 interiora
1005 1806 1068 1850 non
1091 1792 1237 1872 penetrat
1258 1785 1303 1849 ita
1327 1781 1477 1848 alendis
1499 1782 1678 1866 frugibus
1700 1783 1816 1848 mitia.
1847 1781 1939 1864 VIII,
1963 1785 1993 1863 9,
2020 1782 2070 1850 12.

258 1890 345 1957 hves
368 1891 417 1955 ad
438 1891 689 1957 imitandum
712 1893 869 1958 humanae
891 1895 978 1958 rosis
1001 1913 1142 1957 sonum
1164 1892 1283 1961 dociles
1306 1898 1388 1956 sunt.
1412 1889 1504 1969 VIII,
1527 1892 1557 1970 9,
1584 1891 1633 1955 16.
1681 1888 1831 1955 Ceterum
1847 1909 1919 1954 curn
1935 1891 2072 1977 amplius

257 2018 347 2067 nemo
371 2006 559 2079 occurreret,
589 1998 864 2086 Hephaestionem
893 2007 926 2065 et
950 2000 1125 2064 Perdiccan
1148 2020 1220 2064 oum
1243 2000 1405 2085 copiarum
1427 2004 1517 2084 parte
1540 1997 1703 2084 praemisit
1726 1996 1774 2060 ad
1797 1995 2070 2081 subigendos,

253 2105 321 2191 qui
344 2113 652 2170 aversarentur
673 2108 906 2193 imperium,
938 2106 1092 2192 iussitque
1114 2106 1155 2170 ad
1177 2106 1298 2171 flumen
1320 2104 1436 2170 ludum
1458 2101 1630 2190 procedere
1652 2111 1686 2168 et
1707 2104 1836 2187 navigia
1857 2103 1968 2183 facere,
1999 2104 2069 2188 quis

254 2204 289 2276 in
309 2213 463 2277 1111011011
484 2215 690 2299 transportari
717 2222 826 2300 posset
855 2214 1021 2279 exercitus.
1056 2212 1148 2294 VIII,
1174 2215 1224 2293 10,
1248 2214 1277 2277 2.
1322 2212 1418 2296 Ergo,
1452 2213 1534 2275 siout
1566 2211 1755 2296 imperatum
1789 2218 1865 2289 erat,
1900 2210 1955 2274 alii
1977 2218 2069 2274 extra

258 2319 367 2387 urbem
402 2325 487 2384 tecta
520 2319 774 2385 demoliebantur
805 2321 1029 2406 ingentemque
1062 2321 1128 2385 rim
1160 2319 1313 2384 materiae
1346 2315 1539 2382 faciendo
1575 2316 1715 2400 aggeri
1751 2314 1979 2396 detrahebant,
2017 2318 2072 2381 alii

256 2446 442 2510 magnarum
466 2425 615 2491 arborum
637 2428 760 2513 stipites
782 2448 853 2493 eum
875 2429 972 2492 ramis
996 2448 1033 2492 10
1054 2429 1154 2493 moles
1176 2446 1328 2491 saxorum
1350 2426 1382 2489 in
1413 2443 1563 2488 cavernas
1600 2421 1788 2489 deiciebant.
1823 2421 1916 2503 VIII,
1942 2424 1993 2503 10,
2016 2424 2070 2488 89.
2111 2496 2120 2509 .

256 2531 316 2597 Iu
344 2554 390 2598 ea
420 2532 595 2599 visenda
624 2554 683 2599 rex
705 2534 847 2599 nondum
869 2532 1008 2599 obducta
1029 2535 1153 2600 vulneri
1176 2533 1319 2598 0101111100
1341 2532 1495 2618 processit
1517 2528 1715 2615 laudatisque
1731 2529 1885 2594 militibus
1908 2529 2072 2596 admoveri

258 2639 418 2704 machinas
441 2640 542 2721 iussit,
565 2661 583 2706 e
606 2640 721 2726 quibus
744 2641 856 2726 ingens
877 2642 926 2705 vis
948 2642 1084 2707 telorum
1105 2642 1412 2728 inpropugnatores
1434 2637 1536 2703 effusa
1559 2645 1615 2702 est
1649 2635 1741 2727 VIII,
1767 2639 1816 2717 10,
1841 2639 1893 2702 31.
1940 2635 2071 2702 LXXX

255 2746 376 2811 taleme
408 2746 574 2813 constituit
606 2746 756 2812 daturum
789 2746 975 2814 Alexander
1008 2758 1039 2815 et
1073 2751 1173 2814 altero
1205 2769 1246 2813 ex
1280 2744 1448 2811 iuvenibus
1480 2742 1591 2809 obside
1623 2750 1744 2809 retento
1775 2745 1879 2830 ipsum
1904 2743 1952 2807 ad
1976 2764 2072 2809 exo·

251 2851 436 2938 quenda,
461 2872 566 2938 quae
588 2853 820 2935 obtulerat,
844 2854 973 2922 dimisit.
1007 2855 1097 2934 VIII,
1122 2858 1172 2945 11,
1196 2857 1225 2918 4.
1271 2853 1419 2918 Oeterum
1442 2852 1475 2914 in
1497 2848 1709 2915 Macedonum
1731 2852 1873 2915 exercitu
1895 2851 2072 2915 temeritate

259 2966 356 3046 atque
380 2959 514 3025 audacia
535 2960 673 3045 insignes
695 2960 783 3027 luere
806 2959 1015 3049 Symmachus
1038 2969 1071 3029 et
1091 2961 1239 3040 Nicanor,
1270 2958 1394 3025 nobiles
1423 2958 1552 3022 iuvenes
1584 2967 1616 3021 et
1641 2965 1794 3043 perpetua
1817 2956 2072 3044 0111010101ἰοί-

257 3066 1093 3156 11101110010001001001000011011011
1116 3069 1293 3134 accensi.
1324 3065 1419 3144 VIII,
1444 3067 1494 3142 18,
1520 3066 1571 3129 19.
1618 3062 1802 3130 Alexander
1830 3067 1921 3150 inops
1949 3062 2074 3130 consilii

259 3173 390 3239 1101011
416 3174 465 3238 11
488 3173 719 3240 fallendum
744 3175 902 3242 hostem
925 3177 1019 3242 talem
1043 3176 1152 3241 dolum
1175 3174 1319 3240 intendit.
1355 3171 1599 3251 V111‚13‚1r.
1642 3170 1723 3253 Erat
1751 3173 1852 3236 insula
1883 3172 1914 3235 in
1944 3174 2073 3241 flumine

256 3282 399 3366 amplior
431 3282 551 3360 ceteris,
584 3282 738 3346 silvestris
772 3283 884 3347 eadem
918 3291 950 3347 01
979 3284 1171 3367 tegendis
1194 3281 1363 3346 insidiis
1387 3287 1490 3364 apta.
1525 3278 1616 3356 VIII,
1642 3278 1693 3352 13,
1719 3281 1768 3343 17.
1816 3277 2001 3346 Alexander
2022 3280 2071 3345 ad

250 3387 513 3452 vastandam
535 3409 619 3452 eam
642 3389 852 3473 regionem
873 3388 1027 3454 Perdicca
1050 3412 1120 3455 cum
1151 3388 1302 3476 expedita
1331 3406 1428 3451 mauu
1458 3386 1553 3448 misso
1588 3393 1710 3470 partem
1741 3386 1901 3470 copiarum
1934 3387 2072 3452 Eumeni

252 3491 403 3574 tradidit,
434 3502 470 3558 ut
493 3495 521 3559 is
543 3514 668 3580 quoque
690 3494 844 3559 barbaros
866 3494 907 3558 ad
930 3495 1122 3562 deditionem
1147 3496 1363 3581 compelleret:
1398 3494 1465 3580 ipse
1495 3499 1615 3556 ceteros
1644 3490 1685 3554 ad
1714 3492 1827 3558 urbem
1857 3493 2005 3574 validum,
2039 3496 2072 3558 in

254 3619 359 3685 quam
383 3601 515 3664 01111010
539 3621 665 3686 quoque
686 3602 892 3686 contigerant
913 3603 1044 3683 incolae,
1077 3603 1178 3668 duxit
1211 3602 1271 3679 IX,
1303 3601 1406 3680 1,19.
1451 3601 1521 3674 Quo
1554 3599 1684 3663 vulnere
1717 3598 1861 3664 adflictus
1895 3621 2010 3686 magna
2040 3604 2071 3666 vi
2174 3644 2178 3658 .

254 3706 426 3790 sanguinis
460 3709 613 3772 emicante
647 3709 769 3772 remisit
801 3729 889 3773 arma
919 3709 1110 3775 moribundo
1139 3709 1251 3774 similis
1281 3706 1424 3790 adeoque
1447 3704 1612 3782 resolutus,
1643 3706 1812 3769 010001
1836 3707 2071 3777 vellendum

252 3797 429 3898 quidem
453 3816 582 3879 telum
609 3813 771 3879 sufficeret
801 3816 922 3881 dextra.
958 3815 1017 3898 lX,
1040 3820 1070 3897 1,
1095 3817 1146 3884 10.
1193 3819 1305 3904 Itaque
1339 3819 1387 3882 ed
1422 3824 1684 3911 spoliandum
1719 3836 1840 3902 corpus,
1874 3816 1928 3912 qui
1962 3818 2072 3881 vulne·

252 3928 395 3998 raserat,
417 3922 521 3986 alacer
533 3920 652 4005 gaudio
668 3922 812 3987 accurrit.
835 3922 895 4004 IX,
919 3925 1017 4003 5,11.
1056 3924 1181 3989 Rursus
1195 3926 1352 3994 Musicani
1368 3929 1557 4011 defecerunt,
1584 3930 1631 3993 ad
1654 3949 1754 4014 quos
1778 3920 2070 4012 opprimendos

250 4027 373 4092 missus
396 4034 445 4091 011
466 4027 594 4108 Pithon,
616 4029 672 4112 qui
694 4037 821 4115 captum
843 4029 1017 4117 principem
1031 4032 1133 4116 gentis
1149 4032 1348 4120 eundemque
1363 4036 1547 4103 defectionis
1563 4047 1722 4111 auctorem
1739 4031 1875 4097 adduxit
1889 4028 1931 4093 ad
1953 4049 2068 4112 regem.

252 4131 319 4213 IX,
343 4134 372 4214 8,
399 4135 449 4198 16.
494 4133 578 4198 Ilum
601 4135 697 4199 aliam
720 4137 856 4201 insulam
878 4136 983 4202 medio
1006 4140 1093 4202 amni
1115 4140 1209 4204 sitam
1232 4145 1333 4207 evecti
1357 4147 1453 4230 paulo
1477 4146 1599 4223 lentius,
1627 4144 1702 4229 quia
1725 4161 1832 4205 cursus
1856 4146 1946 4202 aestu
1968 4156 2072 4200 rever·

251 4240 442 4320 berabatur,
459 4239 620 4327 adplicant
634 4242 766 4307 classem
782 4250 814 4307 01
829 4242 877 4306 01
900 4253 1146 4311 commeatus
1169 4249 1352 4333 petendos
1368 4250 1554 4331 discurrunt,
1570 4251 1671 4315 100011
1688 4269 1778 4312 00101
1794 4247 1871 4325 0101,
1893 4244 1948 4330 qui
1963 4261 2072 4329 super·

247 4347 343 4412 uenit
364 4348 491 4432 ignaris.
524 4346 586 4429 IX,
609 4348 640 4429 9,
664 4349 693 4412 8.
741 4348 898 4435 Coeperat
919 4371 988 4415 esse
1010 4372 1161 4438 praeceps
1185 4375 1243 4420 rex
1270 4356 1316 4419 01
1349 4356 1704 4443 10010010010010
1735 4353 1960 4440 100011011,
1995 4349 2071 4416 item

248 4453 304 4518 ad
327 4452 548 4546 deteriora
570 4454 792 4521 credenda:
827 4457 946 4521 scilicet
974 4479 1024 4523 res
1054 4460 1212 4526 secundae
1235 4464 1342 4527 101001
1365 4471 1559 4528 commutare
1581 4474 1727 4528 naturam
1751 4471 1782 4527 et
1805 4482 1876 4526 raro
1901 4461 2066 4546 quisquam

250 4579 332 4644 erga
354 4560 439 4625 bona
467 4581 526 4628 101
555 4563 631 4627 setis
662 4569 771 4627 cautus
801 4571 857 4628 est.
893 4562 935 4643 X,
961 4568 989 4645 1,
1012 4567 1065 4632 89.
1113 4567 1197 4642 Quin
1229 4570 1327 4652 igitur
1362 4569 1410 4634 ad
1444 4569 1713 4657 diripiendos
1748 4570 1967 4635 thesauros
2003 4564 2067 4629 dis·

248 4667 400 4732 curritis?
438 4669 551 4732 harum
585 4671 668 4734 enim
703 4690 800 4755 opum
833 4671 992 4754 regiarum
1025 4669 1135 4760 uti'que
1167 4676 1304 4760 populus
1339 4685 1387 4741 est
1421 4677 1520 4743 heres.
1558 4677 1599 4754 X,
1623 4679 1652 4756 6,
1679 4679 1730 4743 23.
1777 4675 1930 4740 Placebat
1960 4681 2068 4737 autem

246 4774 374 4858 legatos
409 4774 451 4838 ad
483 4778 604 4860 equites
638 4777 721 4840 mitti
757 4776 804 4842 de
837 4777 1026 4844 11010011
1060 4780 1272 4845 1110011ἰο
1308 4784 1518 4868 armisque
1554 4783 1771 4869 ponendis.
1806 4780 1902 4860 Χ,8,
1929 4782 1979 4844 14.
2025 4779 2067 4858 Et

247 4879 346 4944 eredo
368 4879 508 4945 nondum
532 4882 614 4965 regis
638 4903 768 4969 corpore
790 4884 914 4970 sepulto
939 4885 985 4948 sd
1008 4887 1270 4971 praestanda
1300 4890 1467 4954 0110111
1490 4891 1592 4955 omnis
1616 4912 1685 4955 esse
1709 4890 1856 4953 coituros.
1891 4886 1934 4966 X,
1959 4887 1988 4966 8,
2016 4886 2067 4950 18.

246 4985 412 5073 Septimus
434 4985 503 5053 dies
524 4997 601 5069 0111,
624 5010 750 5076 exque
774 5011 886 5078 001001
909 4994 994 5078 regis
1015 4994 1139 5059 iacebat
1160 4995 1194 5058 in
1217 4996 1308 5076 solio,
1339 4997 1421 5061 curis
1444 4997 1585 5061 omnium
1609 4995 1658 5059 01
1682 4992 1942 5059 formandum
1964 4992 2066 5078 pub·

241 5093 370 5165 licum
405 5101 560 5160 statum
594 5116 615 5158 0
647 5107 713 5161 tam
747 5099 892 5164 sollemni
926 5120 1058 5165 munere
1090 5103 1218 5166 1101111.
1256 5101 1298 5180 X,
1334 5106 1384 5183 lo,
1414 5103 1445 5168 9.
1499 5103 1601 5189 Saepe
1636 5111 1719 5166 certe
1756 5099 1864 5165 audita
1899 5109 1967 5166 erat
2001 5120 2065 5164 vox
