4934 5950
1133 537 1241 554 ΑΛΛΜΡ
1269 509 1292 583 8
1323 544 1349 552 -υ
1362 544 1425 553 »ιν-υ,-

370 746 406 791 οο
421 722 598 788 adfirmaue.
623 718 785 799 VI,9,31.
821 716 857 783 Si
878 719 1013 783 certiora
1035 718 1172 783 oraculis
1194 716 1321 783 creditis
1343 738 1412 783 esse
1435 726 1601 802 tormenta,
1624 742 1664 787 ne
1687 722 1769 787 hanc
1783 722 1912 809 quidem
1936 726 2187 795 exhibendae

370 827 561 895 veritatis
593 824 716 891 Iidem
750 824 911 911 deprecor.
950 824 1008 904 VI,
1043 827 1093 905 10,
1121 826 1175 891 26.
1221 823 1435 908 Exigentibus
1473 824 1599 908 deinde,
1636 836 1673 891 ut
1711 829 1856 896 ordinem
1891 831 2023 915 cogitati
2056 835 2186 901 sceleris

368 937 550 1018 exponeret,
572 951 645 995 cum
667 930 722 996 diu
744 931 863 996 Bactra
884 938 1045 996 retentura
1066 950 1174 1014 regem
1196 929 1390 1012 viderentur,
1421 932 1565 999 timuisse
1586 934 1758 1020 respondit,
1794 959 1835 1005 ne
1857 946 1948 1025 pater
1970 938 2068 1003 LXX
2090 948 2184 1013 nanus

367 1057 475 1118 annos,
497 1037 578 1102 tanti
600 1039 757 1103 exercitus
780 1036 856 1117 dux,
879 1042 987 1102 tantum
1009 1037 1161 1123 pecuniae
1183 1043 1300 1116 custos,
1334 1038 1460 1104 interim
1493 1040 1734 1125 extingueretur
1765 1044 1888 1129 ipsique
1919 1045 2055 1131 spoliato
2086 1048 2185 1112 tantis

369 1144 490 1209 viribus
514 1143 712 1209 occidendi
733 1144 832 1226 regis
855 1162 967 1207 causa
989 1162 1053 1207 non
1076 1150 1167 1208 esset.
1192 1142 1249 1221 VI,
1275 1144 1326 1223 ll,
1349 1144 1402 1210 32.
1449 1145 1577 1212 Primus
1599 1145 1712 1212 Asiam
1734 1159 1904 1235 aperuerat
1927 1153 2011 1237 regi:
2043 1152 2184 1218 omnium

367 1250 580 1336 periculorum
603 1250 670 1314 eius
692 1248 848 1335 particeps
870 1269 994 1335 semper
1019 1249 1153 1314 alterum
1176 1248 1209 1312 in
1232 1250 1301 1315 acie
1323 1270 1420 1316 cornu
1434 1250 1628 1336 detenderet,
1650 1253 1801 1341 Philippo
1825 1276 1952 1342 quoque
1975 1265 2049 1324 ante
2076 1278 2185 1325 omnes

368 1356 489 1421 amicus
519 1363 552 1420 et
579 1355 641 1440 ipsi
669 1352 855 1419 Alexandro
884 1362 950 1420 tam
981 1354 1075 1436 fidus,
1108 1362 1145 1419 ut
1167 1355 1383 1422 occidendi
1405 1356 1595 1426 Attalum
1617 1382 1682 1426 non
1704 1362 1766 1427 alio
1790 1362 1986 1429 ministro
2009 1367 2058 1431 uti
2081 1366 2185 1431 vellet.

368 1461 443 1541 VII,
467 1464 496 1541 1,
520 1462 550 1527 3.
595 1459 707 1546 Neque
730 1462 814 1527 euim
835 1462 903 1527 ulla
924 1463 988 1527 alia
1009 1462 1104 1527 matri
1126 1468 1200 1528 tuae
1222 1466 1499 1550 persequendi
1522 1488 1596 1532 noe
1618 1489 1742 1534 cauea
1772 1476 1830 1549 est,
1867 1488 1964 1554 quam
1987 1470 2073 1555 quod
2101 1472 2188 1536 utili-

368 1573 467 1632 tatem
521 1573 610 1631 tuam
660 1568 808 1634 muliebri
855 1568 1096 1655 praeposuimus
1145 1569 1277 1652 gratiae
1329 1571 1403 1651 VH,
1448 1579 1475 1653 l,
1516 1575 1569 1639 39.
1641 1576 1703 1650 Qui
1749 1576 1826 1641 dnm
1870 1576 2007 1641 laetatur
2047 1575 2188 1641 adventu

368 1673 472 1755 amici,
505 1673 662 1759 simulque
696 1675 912 1755 noscendi,
945 1694 1052 1759 quae
1083 1695 1158 1740 rex
1191 1684 1353 1758 ageret,
1388 1678 1502 1743 avidus
1525 1715 1569 1726 -
1597 1681 1715 1766 quippe
1743 1683 1839 1767 longo
1870 1683 2035 1748 intervallo
2066 1682 2187 1747 nullam

368 1779 410 1843 ab
425 1800 464 1845 eo
488 1780 655 1867 epistolam
670 1789 835 1869 acceperat
849 1817 893 1829 —
907 1780 1141 1868 Polydamanta
1164 1782 1283 1866 requiri
1305 1783 1403 1849 iubet
1426 1784 1498 1865 VII,
1511 1785 1542 1866 2,
1558 1786 1611 1853 21.
1658 1785 1820 1851 Incitabat
1841 1788 1992 1853 virtutem
2014 1795 2047 1853 et
2069 1789 2188 1873 igno·

370 1886 508 1952 miniae
531 1887 755 1955 demendae
778 1886 894 1974 cupido
917 1896 950 1953 et
971 1889 1047 1973 quia
1069 1888 1163 1953 fortia
1185 1888 1270 1954 iacta
1290 1890 1324 1955 in
1346 1890 1455 1976 paucis
1477 1891 1576 1956 latere
1591 1912 1655 1956 non
1669 1898 1825 1978 poterant
1847 1891 1922 1973 VII,
1935 1893 1965 1973 2,
1979 1892 2032 1957 38.
2067 1892 2188 1956 Bessus

367 2000 456 2058 tanto
478 1994 601 2074 merito,
634 2000 672 2058 nt
693 1993 850 2076 credebat,
873 1995 1032 2078 obligatum
1055 1995 1171 2081 partim
1193 1997 1314 2078 gratias
1342 1996 1416 2079 agit,
1450 1997 1566 2082 partim
1596 1995 1745 2062 avidus
1776 1996 1971 2084 explendi
2003 1997 2187 2083 supplicii

369 2097 487 2163 adduci
509 2119 563 2165 ecs
582 2100 685 2186 jubet.
709 2100 784 2182 VII,
807 2102 837 2181 b,
861 2103 914 2166 23.
960 2100 1127 2166 Utribus
1151 2122 1306 2167 amnem
1328 2099 1553 2167 traiciendi
1576 2103 1794 2189 exemplum
1819 2103 1955 2168 fecimus
1975 2123 2093 2194 nuper:
2116 2103 2187 2182 boe,

367 2212 405 2270 ut
426 2204 563 2292 Scythae
585 2206 701 2270 imitari
722 2206 872 2286 nesciant,
895 2206 1059 2272 Bactriani
1081 2205 1250 2273 docebunt.
1283 2206 1357 2288 VII,
1382 2209 1412 2287 7,
1437 2206 1489 2273 16.
1534 2207 1587 2272 Ibi
1621 2208 1689 2274 sina
1722 2209 1850 2273 arbitris
1883 2208 2034 2292 singula
2061 2205 2189 2272 animi

369 2312 541 2377 consulta
562 2312 774 2398 pensando
796 2320 922 2379 noctem
945 2314 1062 2398 vigiliis
1085 2314 1226 2379 extraxit
1247 2333 1344 2399 saepe
1365 2313 1501 2399 pellibus
1523 2313 1721 2379 tabernaculi
1743 2312 1910 2394 οιίΙοιιοιὶο,
1934 2319 1971 2377 ut
1993 2313 2188 2398 conspiceret

367 2416 507 2482 hostium
528 2417 627 2500 ignee,
650 2419 805 2502 equibus
827 2420 1005 2485 coniectare
1026 2426 1159 2506 poterat,
1183 2427 1302 2504 quanta
1323 2421 1491 2485 hominum
1514 2419 1686 2486 multitudo
1710 2426 1801 2486 esset
1826 2419 1899 2499 VII,
1923 2420 1953 2499 8,
1978 2421 2009 2483 2.
2046 2417 2186 2482 Iurando

366 2521 502 2606 gratiam
524 2521 660 2609 Scythas
682 2525 804 2590 sancire
826 2546 867 2591 ne
896 2525 1084 2591 credideris:
1120 2524 1281 2591 colendo
1316 2525 1443 2590 Iidem
1474 2527 1589 2591 iurant
1623 2526 1699 2606 VH,
1722 2528 1752 2607 8,
1779 2528 1831 2591 29.
1875 2524 1927 2591 Ne
1961 2525 2025 2590 tela
2058 2523 2188 2609 quidem

368 2628 473 2693 conati
505 2628 577 2693 nisu
610 2629 738 2697 vibrare
771 2639 926 2719 poterant,
960 2653 1032 2696 cum
1062 2632 1150 2719 prior
1178 2631 1284 2697 standi
1315 2631 1382 2697 sine
1405 2632 1547 2718 periculo
1571 2652 1667 2718 quam
1688 2633 1834 2698 hostem
1856 2630 2074 2696 incessendi
2098 2651 2187 2695 cura

333 2780 338 2789 ·
368 2741 460 2801 asset.
484 2726 560 2815 VH,
583 2735 614 2815 a,
638 2738 668 2802 7.
715 2737 789 2804 Rex
811 2739 873 2803 loci
896 2737 1082 2804 difficultate
1103 2744 1246 2826 spectata
1268 2744 1424 2803 statuerat
1446 2736 1521 2803 inde
1536 2738 1634 2819 abire,
1658 2737 1775 2825 cupido
1791 2736 1908 2803 deinde
1930 2737 2058 2802 incessit
2079 2737 2186 2800 animo

367 2848 693 2928 naturamquoque
708 2844 928 2930 fatigandi
951 2845 1026 2927 VII,
1041 2845 1090 2927 11,
1105 2848 1135 2912 4.
1173 2843 1464 2932 Experiendo,
1488 2863 1583 2930 quae
1607 2845 1725 2911 ceteri
1748 2842 2052 2930 desperaverint,
2073 2839 2186 2906 Asiam

366 2946 522 3013 habemus
554 2945 589 3012 in
620 2956 787 3035 potestate.
822 2950 899 3031 VH,
925 2953 975 3030 ll,
1002 2954 1051 3017 10.
1098 2951 1171 3016 Rex
1193 2971 1259 3016 non
1282 2949 1483 3036 cupidIne
1506 2951 1608 3034 magis
1630 2949 1830 3038 potiundi
1853 2950 1955 3031 loci,
1990 2968 2087 3035 quam
2117 2948 2186 3014 vice

367 3073 488 3135 eorum,
509 3073 590 3139 quos
612 3053 656 3117 od
677 3063 744 3121 tam
766 3056 969 3121 manifestum
991 3055 1167 3142 periculum
1188 3057 1328 3136 mieerat,
1358 3056 1512 3121 sollicitus
1542 3062 1610 3120 toto
1641 3055 1694 3121 die
1725 3057 1893 3119 cacumina
1923 3056 2039 3120 montis
2061 3056 2187 3121 intuens

367 3161 491 3226 restitit.
515 3159 590 3241 VII,
616 3160 667 3243 ll,
691 3165 742 3229 26.
774 3162 901 3229 (1ο1ιιο
925 3160 1160 3249 explendae
1182 3169 1309 3227 matina
1331 3162 1462 3227 obvenit
1485 3162 1661 3227 occasio.
1686 3160 1777 3241 VIII,
1801 3162 1832 3242 6,
1858 3164 1886 3227 1.
1933 3161 2187 3245 Castigandi

368 3288 438 3334 eos
460 3267 647 3333 verberibus
668 3270 786 3334 nullius
807 3276 1000 3355 potestas
1023 3275 1151 3355 praeter
1171 3269 1278 3354 ipsum
1301 3273 1378 3332 erat
1405 3266 1499 3348 VIII,
1523 3269 1553 3348 6,
1577 3265 1607 3332 6.
1653 3267 1716 3343 Qui
1751 3288 1824 3332 cum
1856 3268 2030 3332 laceratum
2063 3288 2189 3354 corpus,

368 3374 403 3439 in
432 3392 495 3459 quo
525 3373 699 3461 deperibat,
732 3376 915 3455 inureretur,
949 3375 1081 3439 forsitan
1104 3374 1181 3438 olim
1205 3373 1246 3438 ob
1271 3373 1366 3438 aliam
1389 3394 1515 3460 quoque
1538 3394 1666 3439 causam
1689 3374 1756 3457 regi
1778 3373 1922 3454 infestus,
1957 3374 2106 3440 iuvenem
2128 3383 2187 3438 sua

368 3486 481 3567 sponte
503 3480 567 3545 iem
590 3487 712 3546 motum
736 3479 896 3546 detafide
919 3485 1110 3567 acceptaque
1139 3480 1287 3568 perpulit,
1323 3487 1360 3544 ut
1394 3478 1616 3544 occidendi
1650 3499 1786 3563 regem
1821 3480 2047 3546 consilium
2080 3500 2188 3545 secum

370 3585 471 3652 iniret.
494 3585 588 3668 VIII,
611 3587 642 3668 6,
666 3589 696 3652 8.
742 3588 891 3654 (laterum
915 3586 1102 3673 agendae
1125 3588 1184 3653 rei
1207 3585 1295 3652 haud
1318 3605 1395 3651 sane
1417 3585 1517 3650 facilis
1539 3586 1670 3672 patebat
1694 3585 1771 3650 via
1793 3585 1882 3667 VIII,
1905 3589 1935 3667 6,
1959 3589 1990 3654 9.
2036 3586 2187 3653 Ceterum

369 3713 441 3760 curu
462 3693 527 3758 iam
549 3695 607 3759 lux
629 3693 801 3781 adpeteret,
823 3703 856 3762 et
878 3695 1059 3761 convivium
1081 3694 1214 3759 solvitur
1235 3699 1268 3759 et
1290 3692 1444 3758 coniurati
1467 3698 1661 3777 exceperunt
1682 3712 1799 3776 regem,
1822 3693 1897 3758 laeti
1921 3692 2186 3757 occasionem

370 3800 607 3885 exequendi
630 3802 807 3867 sceleris
831 3801 1012 3868 admotam:
1028 3822 1100 3865 cum
1114 3800 1229 3865 mulier
1243 3799 1405 3880 atwnitae,
1419 3805 1457 3863 ut
1471 3797 1628 3864 credItum
1642 3805 1700 3879 est,
1722 3799 1838 3864 mentis
1857 3796 2187 3879 conversariinregia

370 3906 473 3988 solite,
495 3907 573 3994 quia
593 3908 743 3973 instinctu
765 3908 935 3975 videbatur
956 3909 1063 3973 ilrtrrra
1085 3906 1277 3994 praedicere,
1310 3926 1375 3970 non
1409 3904 1544 3969 occurrit
1576 3903 1672 3970 modo
1703 3904 1841 3985 abeunti,
1873 3903 1930 3969 sed
1960 3903 2056 3969 etiam
2086 3910 2189 3969 semet

372 4013 489 4080 obiecit
509 4015 663 4100 vultuque
686 4022 719 4080 et
741 4015 840 4079 oculis
862 4022 986 4081 motum
1008 4014 1189 4102 praeferens
1213 4011 1320 4091 animi,
1341 4018 1378 4075 ut
1399 4008 1519 4075 rediret
1540 4010 1574 4074 in
1596 4011 1777 4075 convivium
1798 4011 1933 4077 monuit.
1965 4009 2058 4092 VIII,
2081 4012 2112 4091 6,
2135 4009 2189 4075 16.

371 4118 581 4206 Stupentibus
604 4122 715 4188 ceteris
737 4121 940 4206 Hermolaus,
963 4142 1021 4187 nos
1044 4141 1130 4202 vero,
1154 4120 1265 4206 inquit,
1287 4117 1446 4203 quoniam,
1469 4117 1559 4201 quasi
1582 4117 1713 4199 nescias,
1736 4118 1872 4202 quaeris,
1904 4115 2124 4181 occidendi
2148 4123 2187 4181 te

373 4226 591 4292 consilium
614 4229 753 4311 iniimus,
786 4229 860 4314 quia
893 4250 957 4294 non
990 4235 1027 4292 ut
1056 4227 1201 4312 ingenuis
1232 4227 1389 4311 imperare
1420 4222 1561 4308 coepisti,
1594 4220 1652 4287 sed
1674 4224 1765 4308 quasi
1786 4224 1819 4287 in
1840 4222 1998 4308 mancipia
2019 4221 2186 4289 dominari.

371 4330 462 4413 VIII,
487 4335 516 4412 7,
542 4335 571 4400 1.
616 4333 690 4399 Non
714 4335 882 4421 oportebat
904 4334 1033 4421 quidem
1055 4354 1113 4399 vos
1135 4334 1227 4414 scire,
1261 4328 1338 4417 quid
1360 4329 1401 4395 de
1423 4329 1473 4394 his
1496 4329 1687 4410 statuissem,
1711 4349 1773 4414 quo
1796 4329 1951 4393 tristiores
1972 4328 2126 4414 periretis,
2159 4329 2188 4394 si

374 4457 438 4525 qua
459 4440 551 4505 vobis
573 4447 740 4527 parentum
762 4442 916 4507 memoria
939 4449 971 4507 et
994 4459 1071 4507 cura
1092 4448 1154 4507 eet:
1189 4439 1248 4506 sad
1279 4437 1355 4502 olim
1388 4438 1484 4501 istum
1517 4456 1671 4502 morem
1702 4433 1926 4500 occidendi
1954 4455 2025 4500 cum
2047 4435 2187 4502 scelestis

371 4546 563 4614 insontes
584 4548 845 4635 propinquos
867 4557 1150 4636 parentesque
1172 4546 1254 4613 solvi
1282 4551 1314 4610 et
1336 4542 1488 4630 profiteor
1509 4544 1543 4607 in
1565 4541 1679 4608 eodem
1703 4542 1823 4607 honore
1845 4542 1969 4607 futuros
1992 4563 2100 4607 omnes
2122 4562 2187 4623 cos,

371 4654 405 4719 in
428 4673 491 4738 quo
514 4654 651 4720 fuemnt.
686 4653 833 4737 VIII,8,
858 4656 909 4720 18.
954 4654 1036 4721 Inde
1059 4653 1174 4720 Graeci
1196 4648 1429 4718 mentiendi
1458 4656 1585 4715 traxere
1615 4650 1853 4732 licentiam,
1887 4650 2002 4715 Iovis
2035 4649 2189 4715 lemine

374 4760 572 4827 Liberum
593 4761 760 4827 Patrem
783 4782 863 4827 esse
886 4762 1060 4828 celatum.
1083 4759 1177 4841 VIII,
1203 4762 1254 4840 10,
1280 4760 1330 4823 12.
1378 4755 1527 4822 ceterum
1549 4755 1736 4823 Alexander
1759 4778 1831 4822 cum
1853 4758 2015 4822 statuisset
2036 4753 2190 4822 desistere

373 4869 499 4956 Incepto
524 4904 564 4916 -
587 4869 705 4956 quippe
727 4869 815 4934 nulla
836 4889 930 4955 spes
952 4866 1186 4955 potiundae
1208 4872 1354 4952 petrae
1377 4860 1571 4928 offerebatur
1601 4898 1645 4910 -
1675 4870 1783 4931 temen
1815 4863 1952 4951 speciem
1986 4860 2124 4927 ostendit
2154 4862 2188 4926 in

374 4974 542 5042 obsidione
564 4976 804 5064 perseverantis,
841 4995 915 5039 nam
946 4981 980 5040 et
1007 4974 1121 5039 itinera
1150 4971 1290 5038 obsideri
1320 4970 1414 5035 iussit
1436 4976 1468 5035 et
1489 4976 1592 5034 turres
1615 4967 1778 5036 admoveri
1801 4979 1834 5036 et
1855 4970 1994 5054 fatigatis
2017 4969 2098 5034 alios
2119 4988 2188 5033 snc-
