4934 5950
1055 618 1342 688 ΜῧΜΜ

287 831 438 918 qnoniam
471 831 584 895 ultima
618 829 716 894 rerba
749 829 860 912 graria
893 834 968 892 sunt
1000 827 1070 891 risa
1103 827 1242 892 auribus.
1278 826 1336 907 Vl,
1362 828 1413 906 10,
1436 826 1489 892 87.
1537 826 1621 891 Tum
1643 824 1800 913 Amyntas
1831 827 1915 892 lacta
1944 827 2108 894 dicendi

287 944 452 1025 potestate,
475 938 502 1001 si
523 936 612 1016 nihil,
634 935 746 1020 inquit,
768 935 900 999 interest
921 934 1015 1018 regis,
1037 939 1121 1019 peto,
1144 941 1190 1014 ut,
1213 932 1290 997 dum
1313 932 1394 1014 dico,
1418 933 1551 997 vinculis
1573 934 1696 999 liberer.
1724 933 1797 1014 VII,
1823 936 1851 1014 1,
1876 935 1928 999 18.
1974 934 2103 1001 Iuvenis

288 1051 356 1109 erat
376 1043 480 1129 primo
509 1043 622 1107 aetatis
651 1041 729 1104 flore
758 1040 942 1126 pubescens,
975 1059 1069 1124 quem
1102 1040 1184 1104 inter
1217 1041 1339 1124 equites
1373 1040 1538 1103 tormentis
1570 1039 1719 1104 Philotae
1749 1039 1953 1104 conturbatos
1983 1041 2106 1106 alienus

286 1159 388 1214 155555
409 1149 599 1214 abstulerat:
633 1147 793 1211 5155551555
826 1166 899 1211 eum
931 1166 952 1210 a
984 1145 1152 1210 comitibus
1175 1152 1208 1210 51
1232 1146 1445 1211 haesitantem
1469 1145 1550 1210 inter
1572 1143 1816 1211 revertendi
1837 1145 2109 1232 fugiendique

288 1255 526 1336 consilium,
561 1254 614 1339 qui
637 1253 736 1317 secuti
759 1259 858 1333 erant,
894 1259 1137 1338 occuparsnmt.
1172 1250 1248 1333 VII,
1274 1255 1303 1331 2,
1328 1253 1357 1316 4.
1408 1250 1586 1336 Praecipue
1615 1250 1828 1337 perniciabilis
1861 1250 1922 1315 luit
1954 1251 2107 1336 fatigatis:

286 1362 403 1447 quippe
425 1362 458 1423 in
480 1361 549 1446 ipso
572 1359 647 1443 gelu
669 1356 849 1423 deficientia
873 1376 1006 1442 corpora
1036 1357 1227 1439 sternebant,
1261 1378 1343 1442 quae
1375 1377 1447 1421 oum
1479 1358 1601 1421 moveri
1632 1355 1796 1437 desistent,
1826 1357 1875 1421 vis
1904 1357 2028 1442 frigoris
2062 1358 2108 1421 ita

287 1466 514 1551 adstringebat,
546 1472 583 1530 51
612 1484 719 1529 rursus
751 1463 799 1528 ad
832 1462 1084 1548 surgendum
1119 1463 1214 1527 coniti
1249 1483 1314 1527 non
1350 1469 1487 1549 possent.
1526 1461 1602 1543 VII,
1626 1464 1656 1543 3,
1699 1464 1750 1530 13.
1806 1461 1990 1528 Occurrisse
2023 1464 2107 1528 enirn

286 1573 320 1637 in
343 1572 474 1638 Ciliciae
508 1571 737 1656 angustissimis
771 1570 924 1651 faucibus,
964 1590 1036 1634 cum
1066 1568 1375 1634 retrocedendo
1413 1572 1522 1654 posset
1568 1567 1741 1653 perducere
1775 1568 1919 1632 15555155
1961 1569 1995 1632 15
2037 1570 2108 1633 loca

166 1720 169 1735 «
286 1686 419 1744 naturae
440 1679 504 1742 situ
526 1684 604 1758 tnta,
627 1684 676 1741 151
696 1676 879 1741 fluminibus
903 1676 1045 1762 objectis,
1075 1682 1124 1741 tot
1144 1676 1302 1740 montium
1324 1675 1464 1757 latebris,
1493 1675 1576 1739 inter
1597 1695 1676 1759 quas
1699 1673 1916 1761 deprehensus
1940 1674 2041 1740 hostis
2063 1695 2104 1741 ne

286 1785 381 1868 fugae
404 1782 541 1868 quidem,
575 1782 692 1847 nedum
724 1782 948 1848 resistendi
975 1783 1172 1847 occasionem
1193 1782 1289 1846 luerit
1311 1781 1485 1845 habiturus.
1519 1778 1594 1858 VII,
1618 1782 1648 1860 4,
1673 1782 1718 1844 4.·
1747 1777 1926 1865 Aquarum‚
1961 1787 1998 1844 ut
2031 1789 2105 1846 ante

287 1889 407 1953 dictum
430 1897 485 1967 est,
520 1890 652 1974 penuria
685 1889 773 1974 prius
807 1887 1029 1975 desperatione
1063 1909 1158 1973 quarn
1192 1887 1394 1953 desiderio
1425 1885 1593 1952 bibendi
1624 1887 1710 1951 sitIm
1740 1886 1891 1951 accendit
1923 1885 1998 1967 VH,
2021 1886 2052 1968 5,
2076 1889 2106 1953 2.

285 1994 383 2079 Ergo,
418 1993 569 2079 quidquid
594 1994 806 2080 51515151555
835 2004 912 2073 erat,
948 1995 1057 2059 oribus
1087 1995 1295 2079 ingerebatur
1322 2000 1473 2078 tantaque
1502 1992 1680 2058 dulcedo
1713 1991 1883 2058 bibendi
1912 1993 1980 2075 fuit,
2010 2000 2047 2057 51
2074 1994 2108 2058 15

285 2108 447 2188 posterum
470 2101 539 2165 sitis
561 2118 624 2164 non
647 2101 820 2167 timeretur.
852 2101 927 2181 VII,
950 2100 981 2182 5,
1005 2101 1035 2167 7.
1081 2100 1176 2165 Nunc
1203 2100 1343 2179 forsitan,
1377 2098 1613 2183 sagittandi
1648 2105 1714 2162 tam
1748 2099 1865 2163 celebri
1897 2119 1967 2177 usu,
2001 2098 2106 2163 minua

286 2206 482 2269 admirabilis
505 2205 605 2269 'videri
629 2226 679 2269 ars
703 2208 782 2271 haec
803 2207 918 2293 possit:
943 2214 1009 2270 tum
1031 2208 1142 2291 ingens
1164 2205 1339 2272 visentibus
1363 2205 1551 2269 miraculum
1567 2224 1752 2290 magnoque
1776 2205 1889 2268 honori
1904 2204 2017 2269 Catoni
2038 2204 2107 2269 fuit

285 2309 361 2391 VII,
383 2309 414 2390 5,
437 2313 490 2375 42.
536 2310 588 2375 Ι15
603 2312 720 2376 ballum
742 2311 909 2376 vitando
932 2313 1054 2378 alemus
1069 2319 1111 2393 51,
1134 2312 1220 2398 quod
1235 2311 1349 2377 inferre
1365 2330 1543 2397 possumus,
1568 2312 1709 2397 accipere
1724 2331 1881 2395 cogemur.
1906 2310 1980 2390 VII,
1998 2313 2027 2391 7,
2046 2313 2097 2377 17.

285 2416 378 2482 Haeo
397 2437 514 2501 quassa
536 2417 640 2481 adhuc
662 2438 740 2483 5555
761 2418 971 2484 subdeficiens
987 2420 1043 2483 vix
1057 2419 1212 2503 proximis
1226 2417 1472 2484 exaudientibus
1488 2416 1624 2498 dixerat,
1648 2438 1719 2481 cum
1743 2438 1853 2481 omnes
1877 2438 1896 2480 a
1920 2424 1987 2480 tam
2010 2438 2101 2501 prae·

286 2524 373 2608 cipiti
395 2523 526 2586 consilio
549 2543 656 2607 regem
678 2523 837 2588 deterrere
860 2534 1041 2611 coeperunt,
1072 2525 1223 2611 Erigyius
1245 2525 1393 2605 maxime,
1423 2524 1486 2609 qui,
1514 2521 1601 2587 haud
1622 2543 1700 2588 sane
1722 2524 1911 2587 auctoritate
1935 2522 2103 2608 proficiens

286 2627 370 2714 apud
387 2629 581 2693 obstinatum
596 2631 746 2710 animum,
769 2631 1035 2717 superstitionem,
1060 2632 1150 2695 ouius
1165 2638 1278 2717 potens
1303 2650 1367 2693 non
1390 2637 1458 2694 erat
1479 2650 1547 2709 rex,
1569 2631 1710 2694 incutere
1725 2629 1892 2715 temptavit
1914 2627 2097 2708 dicendo,

228 2770 231 2775 ν
286 2732 363 2798 deos
385 2755 510 2819 quoque
541 2735 668 2800 obstare
696 2737 827 2800 oonsilio
857 2757 1070 2823 magnumque
1098 2738 1283 2823 periculum,
1312 2738 1340 2800 si
1369 2736 1486 2800 flumen
1517 2737 1688 2816 transisset,
1723 2735 1856 2801 ostendi.
1892 2734 1967 2815 VH,
1992 2737 2022 2814 7,
2045 2736 2099 2801 21.

284 2839 416 2924 Ismuc
439 2840 485 2904 ad
507 2841 777 2906 transeundum
802 2843 909 2907 omnia
931 2850 1125 2928 aptaverant,
1149 2864 1221 2906 cum
1242 2844 1339 2926 legati
1363 2841 1550 2927 Scytharum
1573 2840 1649 2921 XX,
1681 2861 1769 2906 more
1790 2841 1892 2925 gentis
1916 2861 1973 2927 per
1996 2849 2101 2905 castra

286 2947 374 3031 equis
397 2948 488 3026 vecti,
522 2948 668 3013 nuntiare
696 2948 812 3033 jubent
840 2950 916 3033 regi,
950 2949 1031 3014 55115
1061 2949 1146 3035 ipsos
1173 2947 1215 3012 ad
1246 2968 1319 3014 eum
1340 2947 1492 3012 mandata
1514 2947 1660 3034 perferre.
1685 2947 1758 3029 VII,
1783 2949 1813 3030 8,
1838 2948 1868 3014 8.
1916 2947 2099 3013 Iurando

284 3052 420 3137 gratiam
443 3051 578 3138 Scythas
599 3055 720 3119 sancire
741 3075 782 3120 ne
805 3054 988 3120 credideris:
1019 3053 1149 3120 colendo
1171 3055 1268 3119 fidem
1284 3057 1403 3141 jurant.
1438 3054 1513 3136 VH,
1536 3056 1566 3136 8,
1590 3056 1642 3120 29.
1686 3053 1737 3119 Ne
1759 3056 1824 3120 tela
1845 3054 1974 3141 quidem
1998 3055 2105 3119 conati

284 3159 357 3222 nisu
379 3159 505 3223 vibrare
527 3166 682 3245 poteraut,
716 3179 788 3225 cum
819 3161 906 3248 prior
939 3160 1082 3225 standi
1114 3162 1183 3227 aine
1213 3162 1355 3248 periculo
1389 3181 1484 3247 quam
1517 3163 1643 3226 hostem
1669 3160 1847 3226 incessendi
1877 3182 1976 3225 cura
2009 3170 2105 3229 esset.

284 3263 359 3345 VH,
383 3267 413 3345 9,
438 3271 467 3330 7.
514 3265 558 3330 Et
587 3267 677 3330 illis
709 3266 969 3332 adsilendum
1005 3268 1228 3333 obstInatis
1262 3268 1364 3333 Olitus
1397 3268 1551 3354 paulatim
1584 3268 1705 3331 maiore
1738 3287 1816 3332 5555
1849 3267 1991 3353 Philippi
2028 3275 2101 3332 acta

284 3371 430 3457 bellaque
451 3372 485 3435 in
508 3372 643 3436 Graecia
664 3382 756 3456 gesta
777 3383 1012 3455 commemorat,
1046 3376 1154 3439 omnia
1184 3374 1404 3461 praesentibus
1436 3373 1624 3459 praeterens.
1660 3372 1752 3452 VIII,
1778 3372 1806 3454 1,
1833 3375 1885 3438 30.
1933 3373 2036 3449 Quem
2064 3380 2102 3438 ut

285 3478 433 3561 armigeri
466 3481 669 3564 corporisque
697 3479 844 3545 custodes
875 3480 924 3544 ad
953 3480 1207 3546 moriendum
1238 3481 1500 3546 obstInatum
1532 3501 1601 3546 esse
1631 3487 1856 3564 coguoverunt,
1889 3480 2030 3544 universi
2064 3481 2099 3544 in

284 3584 522 3647 tabernaculum
544 3584 727 3671 inrumpunt
749 3585 867 3672 diuque
889 3587 1036 3672 precibus
1056 3588 1200 3672 ipsorum
1221 3587 1409 3652 reluctatum
1438 3606 1533 3670 aegre
1563 3587 1713 3666 vicerunt,
1748 3594 1785 3650 51
1818 3586 1924 3651 cibum
1961 3593 2097 3673 caperet.

285 3686 376 3768 VHI,
400 3693 429 3770 2,
456 3687 505 3751 11.
549 3689 618 3753 Neo
639 3690 770 3756 fallebat
791 3693 876 3777 ipsos
899 3693 994 3757 morti
1016 3693 1121 3756 locum
1143 3692 1268 3775 eligere,
1291 3713 1362 3755 cum
1390 3691 1569 3757 immobiles
1592 3693 1698 3756 5115115
1721 3693 1808 3755 55155
1830 3693 2006 3778 linqueret:
2040 3691 2099 3757 sed

284 3803 376 3877 35515
398 3801 467 3858 5551
487 3796 617 3880 pigritia
640 3817 806 3882 corporum
829 3798 969 3882 fatigatis
997 3819 1056 3863 nec
1081 3799 1270 3863 recusabant
1299 3799 1441 3881 extingui
1472 3797 1711 3883 quiescendo.
1742 3797 1834 3879 VIII,
1859 3800 1889 3878 4,
1913 3800 1943 3864 8.
1992 3799 2100 3882 Aegre

284 3920 359 3985 ergo
375 3902 518 3965 coercitis
540 3922 648 3967 mrsus
663 3902 873 3969 Hermolaus:
897 3906 1002 3981 Quam
1016 3905 1196 3985 liberaliter,
1219 3905 1329 3989 inquit,
1352 3906 1458 3989 pueris
1481 3903 1663 3967 rudibus
1687 3902 1736 3967 ad
1759 3903 1986 3968 dicendum
2009 3924 2102 3988 agere

283 4007 455 4092 permittis!
478 4015 511 4072 at
533 4007 735 4074 Callisthenis
758 4031 823 4075 vox
846 4031 970 4077 carcere
990 4011 1113 4075 inclusa
1135 4017 1191 4091 est,
1214 4011 1290 4095 quia
1312 4011 1397 4074 solus
1420 4018 1525 4097 potest
1547 4010 1661 4076 dicere.
1695 4010 1788 4093 VIII,
1813 4013 1843 4091 7,
1867 4011 1897 4075 8.
1948 4010 2018 4075 Nec
2039 4010 2104 4074 alia

285 4113 546 4199 expugnandi
569 4117 702 4201 patebat
723 4117 802 4197 515,
836 4137 931 4203 quam
959 4126 996 4182 ut
1018 4119 1221 4204 replerentur.
1259 4116 1351 4197 VIII,
1375 4117 1426 4198 11,
1451 4119 1480 4181 8.
1525 4117 1612 4182 Hinc
1634 4117 1676 4181 ad
1711 4118 1829 4182 flumen
1856 4116 1975 4181 Indum
2004 4118 2105 4182 sextis

284 4219 424 4284 decumis
446 4221 557 4285 castris
580 4223 724 4307 pervenit
746 4224 923 4308 omniaque,
945 4232 982 4288 51
1004 4231 1216 4311 praeceperat,
1240 4223 1286 4287 ad
1312 4223 1574 4288 traiciendum
1596 4230 1784 4311 praeparata
1806 4224 1847 4287 ab
1862 4222 2104 4310 Hephaestione

284 4328 432 4412 repperit.
472 4325 562 4408 VIII,
590 4327 641 4408 12,
670 4331 699 4393 4.
753 4327 799 4393 At
832 4330 893 4409 ille,
927 4331 1086 4414 quoniam,
1119 4330 1231 4416 inquit,
1266 4331 1468 4416 percontaris,
1507 4329 1705 4417 respondebo
1740 4351 1779 4395 ea
1813 4330 1969 4412 libertate,
2003 4351 2099 4415 quam

286 4430 577 4515 interrogando
600 4435 710 4500 iecisti.
732 4434 824 4516 VIII,
849 4434 900 4516 14,
925 4438 976 4500 42.
1020 4435 1099 4500 Plus
1122 4436 1323 4501 monendo
1347 4436 1487 4522 profecit,
1513 4458 1609 4522 quam
1631 4439 1659 4501 si
1681 4444 1826 4523 precatus
1849 4444 1952 4504 esset:
1987 4437 2104 4523 quippe

284 4535 534 4620 magnitudinem
556 4542 661 4627 animi
674 4541 743 4606 eius
765 4541 940 4606 interritam
963 4561 1001 4606 ac
1022 4563 1062 4606 ne
1084 4542 1210 4607 lortnna
1232 4542 1361 4627 quidem
1384 4543 1550 4607 infractam
1573 4565 1638 4608 non
1661 4543 1878 4608 misericordia
1901 4542 2005 4622 modo,
2041 4541 2098 4606 sed

284 4644 380 4708 etiam
401 4644 522 4708 honore
544 4648 689 4733 excipere
712 4645 860 4731 diguatus
883 4655 940 4714 est.
964 4647 1054 4728 VIII,
1081 4650 1130 4729 14,
1154 4650 1206 4714 44.
1254 4647 1387 4714 Nobiles
1414 4648 1463 4712 ad
1485 4649 1714 4716 venandum
1737 4671 1831 4716 canes
1853 4651 1886 4714 in
1909 4669 1948 4714 ea
1970 4648 2099 4733 regione

284 4758 373 4814 sunt:
395 4751 513 4813 latratu
535 4750 692 4819 abstinere
714 4754 870 4835 dicuntrrr,
906 4775 978 4819 oum
1005 4754 1153 4821 viderunt
1179 4756 1289 4836 15555,
1323 4755 1469 4820 15551555
1492 4757 1631 4821 maxime
1653 4757 1769 4824 1515511.
1804 4755 1862 4835 IX,
1890 4756 1917 4835 l,
1941 4756 1994 4820 31.
2041 4755 2101 4820 Ille

283 4855 317 4920 in
338 4856 578 4922 551555515555
601 4858 710 4925 dentes
732 4860 942 4927 moribundus
964 4881 1091 4948 quoque
1119 4862 1283 4927 infixerat:
1316 4868 1437 4926 1551555
1469 4863 1532 4927 illis
1565 4863 1755 4928 animalibus
1786 4860 1836 4926 ad
1870 4859 2099 4925 venandum

285 4961 489 5049 cupiditatem
522 4966 725 5049 iugenerasse
757 4973 902 5032 naturam
935 4970 1108 5033 memoriae
1140 4968 1303 5054 proditum
1336 4974 1393 5034 est.
1428 4967 1488 5049 IX,
1518 4969 1550 5049 1,
1573 4970 1626 5035 83.
1673 4968 1750 5033 Sero
1785 4967 1925 5032 hostium
1960 4967 2100 5050 legiones

282 5089 450 5135 numerare
465 5071 620 5157 coepistis,
642 5079 810 5157 postquam
824 5073 1027 5139 solitudInsm
1041 5074 1074 5138 in
1087 5073 1168 5140 Asia
1182 5073 1384 5140 vincendo
1400 5073 1527 5140 fecistis.
1551 5073 1610 5156 IX,
1626 5077 1656 5157 2,
1672 5076 1724 5140 24.
1771 5072 1836 5140 Sed
1858 5072 2099 5139 festinando
