4934 5950
1155 640 1255 654 wa
1288 597 1336 673 ιιι
1369 632 1462 644 m

403 811 589 894 Alexandri,
623 810 827 899 Antipatrum
861 812 983 896 regium
1018 809 1176 876 adfectare
1210 808 1372 893 festigium
1407 808 1623 893 maioremque
1652 828 1722 873 esse
1749 807 1900 894 praefecti
1930 809 2044 895 opibus
2065 829 2104 873 eo
2124 809 2217 874 titulo

404 921 579 1008 Spartanae
600 920 751 984 victoriae
772 918 927 998 inflatum,
952 919 1058 982 omnia
1080 938 1100 980 a
1122 937 1156 980 se
1178 913 1255 979 data
1278 913 1477 981 adserentem
1507 915 1583 979 sibi:
1619 913 1790 980 credebant
1823 914 1919 979 etiam
1949 914 2116 981 Craterum
2145 936 2217 980 cum

402 1035 544 1094 veterum
567 1027 704 1090 militum
726 1045 822 1091 manu
845 1024 895 1088 ad
916 1021 1276 1091 interficiendum
1299 1042 1384 1087 eum
1407 1022 1547 1086 missum.
1572 1019 1615 1102 X,
1641 1023 1692 1102 10,
1718 1022 1768 1086 14.

618 1434 671 1523 V.
705 1434 799 1523 Das
824 1432 1143 1524 Gerundivum
1176 1433 1225 1522 in
1258 1431 1339 1521 der
1369 1431 1643 1549 Bedeutung
1675 1429 1755 1521 des
1778 1390 2002 1521 Miissens:

1186 1620 1213 1687 L
1237 1621 1437 1689 attributlr.

511 1747 693 1814 Praebuere
727 1767 802 1831 ergo
835 1745 1044 1811 Parmenioni
1077 1766 1141 1810 non
1175 1743 1399 1832 spernendi
1433 1744 1609 1829 agminis
1631 1745 1776 1830 speciem.
1810 1744 2002 1826 111,13,a.
2049 1745 2136 1811 Raro
2159 1747 2217 1812 ad·

403 1854 543 1936 modum,
567 1853 732 1920 admonitu
754 1853 855 1938 magis
877 1853 1061 1932 amicorum,
1094 1872 1190 1936 quam
1212 1859 1302 1921 metu
1324 1850 1581 1917 discriminis
1605 1849 1802 1932 adeundi,
1837 1852 1966 1917 thorace
1998 1853 2047 1917 uti
2081 1853 2214 1922 solebat

403 1962 460 2043 lv,
485 1964 536 2043 13,
559 1962 612 2027 25.
658 1960 898 2044 Egregium,
932 1958 1120 2039 mehercule,
1156 1977 1260 2043 opus
1292 1965 1324 2024 et
1355 1959 1438 2024 inter
1471 1958 1574 2044 prima
1606 1958 1727 2042 gloriae
1759 1964 1884 2023 vestrae
1918 1958 2217 2025 numerandum

401 2068 580 2155 posteritati
601 2067 767 2151 famaeque
789 2064 930 2146 tradetis,
965 2064 1065 2129 Darei
1095 2083 1222 2150 quoque
1258 2064 1359 2130 hostis
1386 2064 1477 2129 finito
1498 2071 1728 2150 postmortem
1749 2064 1833 2129 illius
1855 2063 1930 2129 odio
1953 2065 2126 2152 parricidas
2148 2086 2217 2131 esse

401 2195 460 2239 ros
481 2175 575 2255 ultus,
596 2173 756 2239 neminem
776 2172 908 2259 impium
932 2170 1082 2257 effugisse
1103 2178 1224 2237 vestm
1246 2192 1368 2238 manus.
1404 2171 1462 2253 Vl,
1486 2174 1516 2253 3,
1543 2171 1594 2236 17.
1639 2170 1751 2256 Itaque
1773 2191 1965 2257 quamquam
1987 2170 2088 2238 Bcuo
2110 2173 2215 2238 immi·

400 2281 506 2362 nebat,
529 2287 637 2346 tamen
659 2279 965 2346 Satibarzanen
988 2278 1298 2365 opprimendum
1320 2279 1531 2365 praeverti
1555 2278 1709 2364 optimum
1730 2286 1818 2343 ratus
1841 2279 1944 2344 levem
1966 2286 2161 2345 armaturam
2184 2286 2217 2345 st

401 2394 561 2474 maistres
584 2386 691 2473 copias
714 2385 819 2451 educit
840 2393 970 2470 totaque
990 2393 1084 2450 nocte
1106 2386 1217 2450 itinere
1233 2392 1368 2451 strenue
1383 2385 1466 2449 facto
1488 2384 1680 2470 improvisus
1702 2384 1786 2449 hosti
1808 2384 2001 2470 supervenit
2026 2384 2083 2465 Vl,
2107 2387 2138 2467 6,
2163 2388 2217 2453 21.

399 2497 443 2575 Ia,
465 2493 552 2580 quod
573 2515 616 2558 ex
637 2495 727 2557 vultu
750 2512 876 2577 quoque
897 2492 1033 2578 perspici
1056 2498 1191 2578 poterat,
1225 2493 1337 2557 similis
1371 2492 1506 2557 attonito
1535 2491 1665 2557 remotis
1696 2491 1822 2556 arbitris
1854 2512 1926 2556 cum
1949 2492 2064 2558 iurene
2086 2494 2218 2559 secessit

401 2602 434 2666 in
467 2600 635 2686 templum,
675 2618 823 2663 arcana
855 2619 889 2663 se
924 2619 961 2662 ac
994 2597 1163 2663 silenda
1199 2598 1366 2664 adferre
1397 2597 1574 2685 praefatus,
1607 2617 1857 2683 suspensumque
1891 2599 2129 2683 exspectatione
2163 2620 2220 2686 per

401 2714 544 2772 mutuam
568 2705 730 2770 caritatem
754 2711 786 2769 et
807 2704 941 2790 pignora
962 2704 1126 2789 utriusque
1149 2705 1246 2770 animi
1275 2713 1376 2789 rogat,
1408 2713 1445 2771 ut
1474 2703 1620 2770 adfirmet
1650 2702 1855 2768 iureiurando
1886 2724 1968 2789 quas
1998 2706 2215 2787 commisisset,

401 2812 527 2878 silentio
551 2834 620 2877 esse
642 2818 807 2878 tectrrrum.
832 2809 888 2890 Vl,
913 2813 942 2892 7,
966 2814 996 2877 4.
1043 2810 1116 2876 Non
1142 2812 1223 2877 tulit
1256 2812 1406 2877 ferociam
1439 2812 1568 2876 barbari
1596 2810 1679 2876 dux
1708 2811 1794 2875 illius
1816 2811 1974 2876 exercitus
1996 2810 2218 2897 Erigyius,

400 2920 506 3004 gravis
543 2918 671 3005 quidem
705 2925 818 2998 aetate,
856 2916 914 2983 sed
948 2926 981 2985 et
1013 2919 1111 2984 animi
1147 2926 1179 2985 et
1210 2920 1351 3006 corporis
1385 2919 1500 2986 robore
1533 2919 1642 2984 nulli
1676 2919 1870 2984 iuvenum
1903 2916 2216 3006 postferendos

400 3025 474 3106 VII,
497 3027 527 3107 4,
550 3027 603 3090 34.
646 3024 759 3109 Itaque
791 3025 824 3089 in
858 3023 1073 3110 permutandis
1105 3027 1277 3089 stationum
1309 3027 1433 3090 vicibus
1467 3034 1634 3108 ceteroque
1664 3033 1819 3111 apparatu
1848 3024 2127 3110 exequendae
2157 3027 2219 3092 rei

400 3132 530 3217 triginta
563 3139 596 3197 et
629 3130 693 3196 duo
727 3130 796 3195 dies
827 3130 987 3216 absumpti
1021 3137 1103 3194 sunt
1137 3129 1227 3211 VllI,
1252 3132 1282 3211 6,
1308 3129 1358 3195 ll.
1406 3129 1542 3195 Stabant
1571 3131 1715 3213 ingentes
1744 3139 1906 3194 vastorum
1929 3151 2095 3217 corporum
2118 3134 2217 3198 moles

405 3247 438 3305 et
459 3238 499 3305 de
521 3237 677 3304 industria
705 3220 853 3303 inritatae
882 3235 1090 3302 horrendo
1124 3235 1309 3302 stridore
1342 3257 1434 3301 aures
1467 3236 1652 3321 fatigabant.
1690 3235 1934 3316 V111,1s,11.
1981 3236 2026 3301 Et
2058 3237 2218 3303 interdum

405 3345 582 3427 dubitabat,
605 3367 646 3410 an
668 3344 867 3424 Macedones,
890 3350 938 3408 tot
960 3344 1080 3409 emensi
1102 3344 1205 3428 spatia
1219 3351 1384 3423 terrarum,
1406 3343 1440 3406 in
1463 3343 1531 3408 acie
1553 3351 1586 3409 et
1607 3343 1641 3408 in
1663 3343 1774 3409 castris
1796 3364 1889 3409 senes
1911 3343 1996 3425 facti,
2019 3365 2077 3430 per
2093 3345 2218 3410 obiecta

344 3496 348 3503 ·
405 3453 546 3532 flumina,
567 3472 625 3537 per
646 3458 695 3516 tot
715 3458 847 3515 naturae
870 3450 1032 3514 obstantes
1054 3448 1261 3515 difficultates
1283 3450 1423 3515 secuturi
1452 3458 1572 3516 essent:
1607 3448 1805 3514 abundantes
1838 3459 2032 3535 onustosque
2063 3450 2220 3537 praeda

406 3559 538 3642 magis
560 3563 679 3644 parta
700 3556 762 3620 frui
775 3556 867 3636 velle,
890 3575 1007 3640 quam
1030 3554 1286 3642 adquirenda
1308 3556 1441 3641 fatigari.
1465 3555 1568 3637 ΙΧ,2,
1586 3558 1637 3622 10.
1683 3554 1742 3620 Vis
1757 3555 1952 3623 incredibilis
1968 3559 2077 3640 animi,
2100 3559 2219 3625 laboris

406 3663 560 3751 patientia
592 3661 822 3750 propemodum
855 3662 961 3742 nimia,
995 3660 1147 3727 fortitudo
1176 3683 1242 3728 non
1270 3664 1352 3728 inter
1381 3682 1471 3748 reges
1493 3662 1590 3728 modo
1613 3664 1782 3745 excellens,
1805 3663 1863 3730 sed
1885 3665 1967 3731 inter
1988 3666 2062 3732 illos
2082 3686 2218 3759 quoquc,

407 3791 541 3857 quorum
563 3770 644 3835 haec
665 3770 734 3834 sols
756 3769 855 3833 virtius
877 3768 945 3850 tirit,
967 3769 1140 3834 liberalitas
1162 3790 1258 3855 saepe
1279 3771 1402 3835 maiora
1423 3771 1602 3853 tribuentis,
1631 3792 1727 3856 quam
1755 3793 1775 3835 a
1797 3770 1847 3835 dis
1868 3779 2027 3857 petuntur,
2051 3772 2219 3836 clementia

406 3879 441 3943 in
462 3877 603 3943 devictos
628 3912 667 3923 -
692 3882 740 3941 tot
760 3896 858 3960 regna
879 3883 936 3941 sut
957 3874 1091 3956 reddita,
1113 3875 1228 3961 quibus
1251 3897 1289 3941 ea
1311 3874 1491 3963 dempserat
1514 3877 1607 3958 bello,
1635 3885 1691 3943 aut
1712 3877 1796 3941 dono
1820 3876 1897 3940 data
1919 3914 1961 3924 -
1984 3877 2104 3957 mortis,
2128 3876 2217 3941 onius

408 3992 511 4049 metus
533 3990 654 4049 ceteros
676 3983 846 4063 exanimat,
869 3989 1021 4068 perpetua
1036 3982 1240 4067 contemptio,
1261 3983 1426 4066 gloriae
1449 3980 1669 4069 laudisque
1690 3990 1735 4047 ut
1755 3983 1865 4045 iusto
1890 3983 2025 4047 maior
2047 3982 2219 4070 cupido,

408 4092 467 4157 ita
488 4091 527 4155 in
549 4091 697 4155 iurene
719 4098 758 4155 et
779 4089 818 4153 in
841 4091 973 4154 tantis
1002 4109 1076 4154 nec
1105 4087 1349 4155 admiranda
1377 4088 1513 4154 rebus:
1546 4089 1612 4153 iam
1645 4089 1747 4176 pietas
1780 4108 1857 4174 erga
1890 4098 2045 4176 parentes,
2085 4110 2221 4176 quorum

409 4194 600 4284 Olympiada
620 4195 850 4261 immortalitati
873 4216 1055 4262 consecrare
1076 4194 1269 4277 decreverat,
1291 4195 1476 4282 Philippum
1497 4195 1583 4259 ultim
1606 4203 1681 4275 erat,
1716 4195 1781 4260 iam
1811 4196 1844 4260 in
1875 4215 1985 4263 omnes
2007 4196 2073 4262 fere
2095 4198 2213 4261 amicos

409 4302 597 4388 benignitas,
619 4323 695 4387 arga
716 4302 833 4368 milites
855 4302 1077 4384 benivolentia,
1112 4303 1278 4367 consilium
1304 4323 1363 4389 par
1383 4300 1596 4387 magnitudini
1618 4302 1724 4384 animi,
1758 4310 1791 4370 et
1823 4310 1974 4389 quantam
2006 4303 2063 4367 rix
2094 4309 2220 4390 poterat

409 4419 498 4477 aetas
519 4409 588 4475 eius
610 4430 730 4497 capere,
753 4410 908 4476 sollertia:
936 4410 1002 4474 iam
1024 4408 1137 4474 modus
1159 4408 1402 4475 immodicarum
1434 4408 1651 4496 cupiditatum,
1685 4408 1819 4474 Veneris
1848 4411 1933 4474 intra
1962 4410 2109 4475 naturale
2139 4407 2222 4475 desi·

409 4518 532 4584 derium
552 4538 629 4583 usus
650 4538 710 4583 nec
729 4518 796 4581 ulla
814 4516 875 4582 nisi
898 4537 940 4582 ex
961 4517 1114 4602 permisso
1138 4517 1284 4602 voluptas
1309 4552 1347 4563 -
1371 4516 1514 4600 ingentes
1536 4516 1677 4601 profecto
1700 4514 1792 4581 dotes
1815 4523 1912 4582 erant
1939 4516 1981 4597 X,
2007 4521 2036 4598 b,
2061 4521 2113 4586 27.

1079 4649 1109 4714 2.
1133 4647 1346 4733 pridikatlv,
1369 4647 1436 4713 und
1457 4669 1555 4714 zuar:

729 4757 763 4841 a)
784 4756 844 4821 mit
863 4775 943 4822 asca:
974 4771 976 4776 ’

625 4861 655 4931 ιι)
672 4862 704 4916 in
720 4860 911 4931 parabulieber
926 4858 1139 4915 Konatrnktion.

518 4953 557 5018 In
577 4952 634 5018 illa
656 4959 749 5035 terra,
771 4972 853 5037 quae
875 4950 934 5014 bos
954 4951 1074 5034 genuit,
1096 4950 1260 5015 auxilia
1284 4948 1522 5036 quaerenda
1543 4956 1654 5018 sunt:
1689 4957 1857 5036 argentum
1878 4950 1965 5017 istud
1987 4959 2083 5039 atque
2104 4973 2216 5018 aurum

411 5057 454 5124 td
476 5057 715 5126 conducendum
737 5059 869 5124 militem
891 5057 991 5123 mitte.
1013 5056 1073 5138 111,
1096 5059 1126 5137 2,
1150 5057 1202 5124 16.
1248 5056 1373 5122 Instare
1387 5055 1537 5137 Dareum,
1559 5056 1721 5138 victorem,
1744 5064 1915 5144 antequam
1929 5058 2062 5125 vidisset
2076 5056 2223 5126 haunt

2222 5369 2232 5428 l
