4934 5950
268 763 417 851 operibus
451 762 590 828 hostium
624 763 792 842 inicerent,
827 762 975 847 corvique
1008 768 1041 826 et
1074 761 1138 826 alia
1171 759 1343 826 tuendis
1377 761 1553 827 urbibus
1589 763 1772 847 excogitata
1805 761 2086 850 praeparabuntur.

267 868 325 952 Ν,
351 872 381 951 2,
406 868 456 934 12.
503 868 623 954 Magne
657 870 704 933 vis
738 888 889 934 saxorum
924 866 974 932 ad·
995 887 1124 933 manum
1159 875 1227 932 erat
1257 867 1344 953 Tyro
1367 877 1474 933 vetere
1495 869 1684 954 praebente:
1719 871 1866 935 materies
1894 890 1936 935 ex
1959 868 2085 935 Libano

269 984 376 1041 monte
398 975 565 1040 ratibus
589 983 628 1040 et
650 974 838 1040 turribus
861 974 1071 1039 faciendis
1094 973 1321 1039 advehebatur.
1348 974 1405 1055 IV,
1430 976 1460 1055 2,
1486 976 1536 1041 18.
1583 973 1629 1040 At
1650 976 1705 1060 qui
1721 975 1914 1042 desiluerant
1935 977 2083 1063 inparve

271 1082 409 1167 navigia,
432 1081 517 1147 faces
540 1088 580 1163 et,
603 1079 758 1167 quidquid
780 1078 931 1144 alendo
955 1081 1040 1165 igni
1064 1088 1174 1166 aptum
1197 1090 1274 1162 erat,
1311 1083 1344 1145 in
1366 1081 1477 1147 eadem
1501 1100 1597 1167 opera
1618 1082 1773 1167 ingerant
1806 1082 1864 1163 IV,
1888 1085 1918 1166 3,
1941 1085 1971 1147 A
2015 1082 2085 1151 Noa

270 1188 369 1277 Tyrii,
393 1186 547 1274 quidquid
570 1186 619 1252 ad
641 1185 950 1274 impediendam
974 1188 1120 1252 molem
1143 1188 1317 1273 excogitari
1341 1197 1473 1273 poterat,
1498 1189 1635 1273 segniter
1658 1189 1906 1275 exequebantur.
1930 1188 1989 1271 lv,
2012 1191 2044 1271 3,
2059 1191 2093 1256 9.

269 1295 414 1381 Oumque
436 1314 518 1360 unus
541 1315 560 1359 e
582 1293 703 1359 civibus
725 1294 758 1358 in
782 1293 927 1359 contione
950 1292 1128 1375 indicasset,
1158 1292 1299 1359 oblatam
1329 1315 1401 1359 esee
1422 1316 1479 1381 per
1501 1316 1647 1360 somnum
1669 1296 1731 1361 sibi
1752 1297 1890 1381 quoiam
1912 1295 2079 1382 Apollinis,

268 1425 362 1490 quem
385 1401 505 1469 eximia
525 1401 677 1486 religione
700 1400 846 1481 colerent,
881 1400 994 1466 urbem
1025 1398 1208 1493 deserentis,
1242 1402 1423 1487 molemque
1455 1422 1475 1466 a
1507 1401 1736 1467 Macedonibus
1767 1402 1800 1466 in
1822 1403 1889 1466 salo
1913 1402 2030 1466 iactam
2051 1402 2086 1466 in

269 1511 445 1575 silvestrem
467 1510 584 1574 saltum
606 1528 676 1573 esse
697 1513 869 1572 mutatam:
892 1526 1084 1592 quamquam
1099 1513 1209 1571 auctor
1231 1508 1310 1573 levis
1334 1516 1411 1589 erat,
1434 1514 1539 1574 umen
1563 1506 1613 1572 ad
1636 1506 1854 1574 deteriora
1877 1505 2088 1573 credenda

266 1617 358 1704 proni
379 1625 470 1682 metu
492 1635 590 1680 aurea
612 1622 725 1679 eatena
747 1612 920 1679 devinxere
943 1613 1146 1678 simulacrum
1166 1632 1302 1699 araeque
1317 1612 1475 1696 Herculis,
1498 1614 1588 1678 onius
1612 1614 1731 1678 numini
1754 1614 1866 1679 urbem
1884 1612 2081 1697 dicaverant,

266 1702 429 1790 iffiere
451 1722 621 1801 vinculum,
656 1720 746 1806 quasi
780 1720 835 1785 illo
869 1720 930 1786 deo
961 1721 1144 1808 Apollinem
1165 1726 1336 1786 retenturo.
1359 1719 1417 1800 IV,
1440 1722 1471 1801 3,
1495 1722 1547 1786 22.
1594 1719 1741 1806 Namque
1763 1719 1812 1784 ad
1835 1720 2082 1807 inplicanda

265 1829 452 1914 navigia,
483 1848 565 1913 quae
598 1848 706 1893 muros
739 1827 899 1908 subibant,
934 1827 1047 1893 validis
1080 1825 1239 1892 asseribus
1270 1827 1471 1912 harpagonas
1500 1827 1719 1911 inligeverant,
1749 1834 1794 1907 ut,
1824 1846 1897 1892 cum
1919 1834 2078 1893 tormento

265 1956 385 2002 asseres
407 1935 648 2022 promovissent,
681 1933 787 1999 subito
818 1935 934 1998 laxatis
962 1934 1091 1999 funibus
1122 1934 1283 1998 inicerent.
1319 1930 1376 2012 IV,
1400 1935 1430 2012 3,
1454 1934 1507 1997 24.
1552 1931 1702 2017 Utrisque
1735 1933 1836 1998 laetus
1869 1931 1931 1996 fuit
1964 1932 2078 1998 beluae

265 2050 426 2129 aspectus:
460 2039 650 2107 Macedones
684 2040 744 2105 iter
777 2039 972 2104 iaciendo
1003 2040 1120 2126 operi
1155 2048 1348 2103 monstrasse
1381 2058 1454 2103 eam
1483 2039 1730 2123 augurabantur,
1765 2038 1855 2125 Tyrii
1888 2037 2074 2125 Neptunum

265 2148 410 2235 occupati
433 2148 530 2212 maris
552 2144 710 2211 vindicem
732 2146 909 2231 abripuisse
932 2145 1061 2211 beluam
1084 2165 1121 2210 ac
1150 2146 1267 2210 molem
1296 2144 1386 2209 brevi
1420 2145 1559 2230 profecto
1592 2146 1754 2212 ruituram.
1788 2144 1845 2225 IV,
1870 2147 1900 2225 4,
1924 2147 1955 2211 5.
2000 2145 2076 2209 Duo

264 2242 361 2337 milia,
383 2254 424 2318 in
447 2253 597 2340 quibus
621 2250 864 2317 occidendis
887 2251 1045 2318 defecerat
1067 2253 1181 2332 rabies,
1204 2252 1350 2316 crucibus
1365 2250 1454 2315 afllxi
1470 2272 1527 2337 per
1549 2252 1660 2335 ingens
1684 2252 1785 2316 litoris
1798 2253 1937 2338 spatium
1953 2271 2070 2336 pepen-

264 2363 386 2429 derrmt.
410 2358 468 2441 IV,
491 2362 521 2440 4,
546 2361 597 2424 17.
640 2359 766 2424 Dareus
789 2356 957 2443 desperata
978 2379 1066 2443 pace,
1099 2379 1194 2443 quam
1226 2380 1284 2444 per
1315 2358 1436 2423 litteras
1466 2358 1650 2442 legatosque
1679 2358 1829 2444 inpetrari
1853 2379 1947 2444 posse
1970 2355 2071 2422 credi·

265 2468 364 2548 derat,
402 2466 450 2532 ad
489 2465 745 2551 reparandas
782 2465 894 2530 vires
931 2465 1171 2549 bellumque
1209 2465 1391 2551 impigre
1429 2462 1709 2528 renovandum
1746 2463 1883 2531 intendit
1919 2463 2069 2528 animum

264 2575 322 2655 IV,
347 2577 377 2655 t,
404 2578 431 2640 1.
479 2572 543 2638 Sed
573 2571 685 2637 eadem
715 2572 840 2651 humus,
874 2570 1093 2636 movendis
1127 2570 1294 2635 inutilis
1324 2570 1528 2651 turribus,
1564 2568 1728 2636 desidente
1757 2571 1870 2635 sabulo
1902 2570 2076 2654 agilitatem

264 2690 405 2747 rotarum
426 2686 551 2744 morata
570 2679 714 2742 tabulata
736 2677 871 2741 turrium
891 2678 1121 2763 perfringebat:
1155 2678 1310 2762 multique
1329 2669 1581 2742 ¹vulnerabantur
1602 2679 1728 2763 inpune,
1762 2698 1834 2742 cum
1858 2677 1942 2742 idem
1966 2678 2075 2741 reci·

268 2786 432 2875 plaudis
456 2787 509 2872 qni
532 2783 802 2849 admovendis
825 2785 1014 2848 turribus
1037 2785 1129 2848 labor
1150 2805 1205 2848 cos
1227 2784 1383 2867 fatigaret.
1409 2782 1466 2863 IV,
1490 2785 1520 2863 6,
1544 2784 1574 2848 9.
1619 2783 1825 2870 (lomplexus,
1849 2781 2004 2870 quidquid
2019 2782 2079 2847 soli

268 2903 317 2962 est
338 2895 420 2959 iuter
442 2890 593 2980 paludem
616 2911 653 2955 ac
674 2911 771 2969 mare,
795 2891 954 2974 octoginta
968 2889 1143 2955 stadiorum
1157 2890 1254 2954 muris
1277 2889 1433 2955 ambitum
1455 2888 1594 2954 destinat
1617 2898 1657 2971 et,
1680 2892 1735 2977 qui
1757 2888 2082 2957 exaedificandae

270 3002 365 3068 urbi
387 3007 575 3087 praeessent,
606 2999 731 3076 relictis,
762 2997 936 3082 Memphim
959 2997 1047 3084 petit.
1083 2996 1193 3078 1v‚·a,
1218 2999 1248 3061 2.
1292 2995 1354 3061 Ad
1377 2998 1495 3061 cuiue
1517 2997 1734 3062 interitum
1758 2997 2084 3082 vindicandum,

269 3116 387 3195 quanta
416 3105 557 3171 maxime
587 3104 747 3169 celeritate
776 3102 889 3190 potuit,
925 3101 1098 3183 contendit,
1133 3101 1377 3188 advenientique
1409 3110 1483 3167 sunt
1516 3101 1624 3167 traditi
1658 3105 1738 3168 tanti
1771 3105 1897 3171 sceleris
1931 3112 2085 3168 auctores
2169 3173 2172 3180 ,

268 3214 326 3296 Π,
351 3215 380 3292 8,
407 3215 457 3279 10.
503 3210 722 3296 Amphoterus
745 3208 870 3289 deinde,
894 3210 1003 3273 classis
1026 3209 1211 3295 praefectus,
1243 3208 1291 3273 ad
1319 3208 1581 3274 liberandam
1604 3209 1771 3275 Oretum
1794 3212 1909 3275 missus
1933 3245 1977 3257 -
1999 3229 2087 3273 nam·

270 3343 331 3408 que
354 3329 385 3386 et
407 3320 579 3384 Persarum
601 3325 633 3382 et
656 3315 884 3404 Spartanorum
907 3316 1003 3380 armis
1026 3317 1176 3402 pleraque
1204 3317 1273 3382 eius
1302 3316 1424 3381 insulae
1455 3315 1684 3386 obsidebantur
1705 3352 1749 3363 -
1772 3324 1845 3382 ante
1867 3318 1974 3381 omnia
1995 3335 2084 3381 mare

269 3449 289 3491 a
311 3427 451 3514 piraticis
475 3424 629 3489 classibus
652 3420 814 3488 vindicare
835 3422 960 3502 iussus:
994 3422 1110 3507 quippe
1133 3422 1308 3487 obnoxium
1332 3422 1544 3510 praedonibus
1567 3430 1636 3488 erat
1657 3422 1689 3488 in
1713 3424 1832 3489 bellum
1853 3431 1987 3508 utroque
2007 3441 2082 3507 rege

270 3553 431 3598 converso.
464 3531 521 3612 lv,
546 3532 575 3610 8,
604 3532 652 3596 15.
699 3528 888 3616 Opportuna
925 3526 1191 3615 explicandis
1226 3529 1361 3614 copiis
1399 3535 1475 3609 erat,
1510 3529 1690 3613 equitabilis
1724 3538 1757 3594 et
1789 3535 1880 3594 vasta
1915 3528 2079 3615 planities:

268 3660 309 3703 ne
330 3639 444 3725 stirpes
466 3636 594 3722 quidem
616 3645 648 3701 et
669 3636 780 3701 brevia
801 3636 938 3719 virgulta
962 3635 1108 3722 operiunt
1129 3635 1234 3700 solum
1255 3635 1398 3720 liberque
1421 3642 1605 3721 prospectum
1637 3637 1802 3701 oculorum
1831 3637 1928 3701 etiam
1958 3634 2000 3699 ad
2034 3655 2085 3717 ea,

269 3765 350 3831 quae
383 3745 493 3832 procul
528 3763 694 3822 recessere,
729 3742 936 3828 permittitur:
975 3749 1078 3826 atque,
1112 3741 1139 3805 ei
1172 3761 1236 3826 qua
1270 3741 1371 3826 eampi
1405 3740 1595 3820 eminebant,
1628 3742 1719 3806 iussit
1751 3742 1880 3827 aequari
1914 3750 2079 3826 totumque

268 3851 429 3936 fastigium
452 3848 592 3916 extendi.
613 3847 671 3931 IV,
695 3851 725 3930 9,
749 3847 801 3915 10.
846 3847 995 3914 Ceterum
1025 3847 1126 3912 omnis
1156 3848 1287 3934 periculi
1311 3854 1343 3912 et
1363 3847 1505 3912 maxime
1527 3845 1737 3911 multitudinis
1760 3855 1957 3934 contemptor
1978 3844 2079 3912 unde·

270 3959 359 4023 cimis
381 3957 492 4022 castris
515 3956 557 4020 ad
578 3955 776 4043 Euphratem
798 3955 958 4041 pervenit:
991 3975 1054 4039 quo
1089 3954 1239 4041 pontibus
1270 3954 1376 4017 iuncto
1406 3954 1526 4038 equites
1553 3954 1672 4039 primos
1695 3953 1749 4032 ire,
1779 3953 1972 4040 phalangem
1993 3955 2083 4039 sequi

269 4064 366 4145 iubet,
400 4063 542 4144 Mazaeo,
576 4064 631 4148 qui
661 4061 710 4126 ad
739 4060 1012 4126 inhibendum
1042 4062 1266 4126 transitum
1297 4060 1365 4125 eius
1395 4080 1466 4123 oum
1496 4080 1555 4125 sex
1577 4059 1707 4124 milibus
1728 4060 1870 4146 equitum
1893 4067 2080 4142 occurrerat,

269 4191 334 4235 non
358 4190 435 4235 anso
453 4170 627 4257 perieulum
643 4170 692 4232 sui
707 4167 820 4233 facere.
866 4167 983 4232 Paucis
1001 4166 1116 4232 deinde
1130 4187 1195 4231 non
1214 4165 1256 4230 ad
1279 4167 1427 4252 quietem,
1449 4165 1507 4232 sed
1529 4166 1576 4231 ad
1599 4165 1912 4255 praeparandos
1934 4167 2082 4232 animos

269 4275 382 4343 diebus
404 4275 487 4340 detis
509 4275 603 4340 militi
626 4280 752 4338 suenus
774 4273 899 4339 hostem
921 4273 1044 4358 insequi
1066 4274 1179 4361 coepit,
1200 4281 1353 4352 metuens
1384 4293 1425 4338 ne
1446 4273 1597 4339 interiora
1619 4275 1707 4359 regni
1730 4274 1779 4339 sui
1802 4280 1925 4361 peteret
1946 4293 2079 4359 sequen·

141 4411 146 4418 ·
270 4381 391 4469 duaque
413 4389 498 4447 esset
518 4402 576 4468 per
596 4382 668 4445 loca
689 4380 776 4444 omni
798 4378 969 4445 solitudine
999 4386 1094 4466 atque
1123 4380 1231 4467 inopia
1260 4387 1363 4445 vasta.
1395 4378 1452 4460 IV,
1475 4381 1506 4460 9,
1531 4380 1671 4446 12-14.
1719 4380 1769 4447 Ae
1801 4382 1903 4468 primo
1938 4380 2081 4465 ealigine,

269 4509 365 4575 quam
385 4488 490 4553 fumus
513 4486 678 4570 effuderat,
700 4487 890 4552 obscurante
911 4487 1013 4552 lucem
1035 4485 1221 4552 insidiarum
1243 4493 1332 4552 metu
1353 4484 1511 4550 substitit:
1546 4484 1662 4552 deinde
1690 4495 1726 4552 ut
1752 4489 1966 4575 speculatores
1988 4505 2079 4573 prae·

267 4596 354 4661 missi
377 4602 446 4660 tuta
469 4595 575 4660 omnia
597 4595 830 4674 nuntiaverunt,
863 4613 982 4680 paucos
1015 4595 1157 4680 equitum
1186 4592 1235 4657 ad
1265 4591 1548 4679 temptandum
1572 4591 1719 4659 vadum
1739 4595 1879 4659 fluminis
1901 4592 2074 4679 praemisit,

268 4703 356 4767 cuiue
378 4700 513 4767 altitudo
536 4702 638 4789 primo
661 4721 786 4765 summa
808 4719 960 4785 equorum
982 4709 1120 4787 pectere,
1153 4721 1231 4764 mox
1257 4706 1295 4764 ut
1322 4702 1355 4765 in
1385 4698 1526 4766 modium
1557 4700 1684 4765 alveum
1705 4707 1836 4766 ventum
1859 4707 1916 4781 eet,
1939 4699 2076 4765 senices

268 4828 394 4931 qqpque
408 4809 575 4895 aequabat.
598 4807 656 4890 IV,
671 4810 702 4889 9,
720 4807 771 4875 15.
818 4805 869 4871 Ea
891 4827 941 4872 res
962 4807 1033 4894 ipsa
1047 4806 1140 4871 militi
1163 4805 1214 4871 ad
1236 4805 1566 4894 persequendum
1588 4806 1734 4872 hostem
1756 4805 1898 4871 animum
1919 4804 2074 4871 incendit:

268 4935 386 5003 qmppe
407 4923 520 4982 urente
542 4923 574 4981 et
595 4914 769 5002 populante
791 4933 830 4980 eo
852 4921 970 4979 terram
983 4912 1195 4979 festinandum
1209 4921 1286 4994 erat,
1309 4934 1351 4978 ne
1362 4911 1509 4979 incendio
1524 4920 1637 4978 runata
1650 4913 1855 5000 praeciperet.
1879 4910 1937 4993 IV,
1955 4913 2007 4992 10,
2023 4909 2076 4978 la.

267 5022 389 5110 Itaque,
413 5041 604 5108 quamquam
626 5020 743 5086 fmstra
762 5041 842 5108 pace
864 5020 913 5086 bis
934 5019 1036 5107 petita
1057 5020 1164 5086 omnia
1186 5021 1219 5084 in
1241 5019 1361 5085 bellum
1383 5019 1513 5086 oonsilio
1534 5025 1741 5101 converterat,
1763 5019 1866 5086 victu
1880 5027 1986 5084 umen
2000 5037 2076 5083 oon·

1802 5144 1836 5196 20
