4934 5950
1000 607 1100 620 m
1131 576 1179 653 13
1211 610 1310 621 mm.

252 808 326 874 que
356 787 566 868 velocitatem,
599 785 632 850 in
655 781 780 850 deditos
801 782 907 865 fidem,
939 786 974 850 in
996 787 1138 872 captivos
1161 787 1373 867 clementiam,
1409 789 1442 852 iu
1464 788 1684 874 voluptatibus
1706 791 1867 875 permissis
1890 811 2014 878 queque
2036 798 2069 858 et

251 894 377 959 usitatis
400 893 649 980 temperantiam,
672 889 758 955 haud
780 891 937 956 tolerabili
959 893 1026 957 vini
1048 892 1221 980 cupiditate
1245 892 1397 958 foedarit.
1418 892 1458 973 V,
1483 896 1513 973 l,
1540 897 1569 960 l.
1617 897 1733 963 Omnes
1749 897 1945 963 incaluerant
1958 917 2067 963 mero:

252 1000 359 1087 itaque
382 1011 516 1085 surgunt
537 997 701 1065 temulenti
723 996 771 1062 ad
793 998 1094 1065 incendendam
1117 998 1273 1080 urbem,
1309 999 1360 1063 cui
1390 999 1504 1064 armati
1528 1010 1742 1085 pepercerant.
1778 1002 1817 1083 V,
1842 1005 1872 1084 l,
1895 1002 1926 1068 5.
1971 1002 2067 1081 Quod

252 1094 307 1170 ubi
329 1107 496 1188 exereitus,
519 1107 573 1192 qui
594 1102 682 1170 haud
704 1104 815 1190 procul
836 1104 915 1170 urbe
938 1104 1098 1186 tendebat,
1132 1106 1309 1191 conspexit,
1342 1105 1508 1170 fortuitum
1532 1112 1618 1171 ratus
1642 1105 1689 1171 ad
1713 1129 1829 1194 opem
1852 1109 2066 1176 ferendam

251 1213 417 1280 concurrit.
440 1212 480 1294 V,
504 1215 534 1295 l,
557 1214 589 1279 6.
634 1210 752 1275 Bactra
773 1211 891 1276 intacta
913 1220 995 1293 sunt,
1019 1211 1093 1279 Indi
1107 1220 1147 1305 ¹et
1170 1211 1271 1277 Sacae
1293 1212 1326 1275 in
1349 1218 1404 1276 tua
1426 1219 1599 1297 potestate:
1623 1219 1672 1277 tot
1693 1215 1802 1300 populi
1824 1222 1873 1280 tot
1895 1216 2062 1298 exercitae

249 1325 298 1383 tot
322 1320 463 1404 equitum
485 1318 692 1405 peditumque
714 1317 803 1382 milia
832 1317 881 1383 ad
911 1318 1171 1397 renovandae
1200 1319 1311 1383 vires
1344 1324 1456 1404 parata
1487 1318 1615 1399 habeut,
1650 1327 1686 1383 ut
1718 1320 1820 1383 maior
1854 1321 1928 1387 belli
1964 1324 2064 1389 moles

246 1427 383 1513 supersit
413 1445 507 1511 quam
540 1425 695 1490 exhausta
726 1424 775 1490 sit
811 1424 852 1505 V,
875 1427 906 1506 9,
931 1427 961 1491 5.
1008 1425 1087 1490 Dux
1110 1424 1306 1491 Graecorum
1327 1424 1465 1489 militum
1486 1423 1608 1489 Patron
1630 1445 1719 1490 arma
1741 1446 1853 1512 capere
1875 1448 1950 1492 suos
1973 1429 2064 1495 iubet

246 1539 435 1619 paratosque
458 1552 527 1598 esse
549 1530 599 1596 ad
623 1529 909 1616 exequendum
932 1531 1166 1618 imperium.
1188 1529 1229 1611 Υ,
1253 1532 1283 1611 9,
1309 1532 1360 1596 15.
1405 1529 1537 1614 Iamque
1559 1551 1624 1597 nox
1647 1529 1828 1617 adpetebat,
1852 1553 1925 1598 oum
1945 1533 2064 1601 Persae

246 1659 335 1703 more
357 1638 451 1703 solito
475 1639 571 1701 armis
603 1638 715 1724 positis
746 1635 796 1700 ad
825 1638 1065 1702 necessaria
1097 1658 1139 1702 ex
1171 1637 1318 1722 proximo
1352 1637 1423 1700 rico
1457 1636 1629 1702 ferenda
1663 1636 1852 1705 discurmnt
1888 1636 1930 1722 Υ,
1954 1641 2006 1722 12,
2029 1640 2062 1707 6.

246 1741 432 1809 Alexander
466 1744 607 1808 hostium
636 1742 846 1829 trepidatione
879 1751 1041 1830 comperta
1070 1742 1266 1808 Nicanorem
1299 1762 1371 1806 cum
1405 1743 1549 1828 equitum
1582 1749 1671 1829 parte
1706 1743 1754 1809 ad
1787 1745 2063 1812 inhibendam

245 1850 384 1934 fugam
408 1851 536 1918 emittit:
560 1851 628 1936 ipse
651 1871 722 1914 eum
744 1850 857 1915 ceteris
879 1850 1030 1935 sequitur.
1055 1849 1095 1931 V,
1121 1851 1171 1930 13,
1197 1850 1249 1914 19.
1296 1846 1436 1913 Tenaces
1451 1849 1568 1934 quippe
1584 1846 1769 1934 disciplinae
1788 1870 1866 1916 suae
1887 1853 2063 1938 solitosque

247 1976 343 2041 parco
366 1976 404 2019 ac
426 1955 562 2041 parabili
584 1957 671 2021 uictu
693 1954 742 2020 ad
765 1954 966 2042 inplenda
988 1966 1161 2021 naturae
1184 1952 1398 2019 desideria
1420 1952 1551 2038 defungi
1573 1954 1606 2018 in
1622 1956 1790 2040 peregrina
1806 1963 1838 2021 et
1865 1956 2062 2024 derictmum

244 2061 387 2145 gentium
410 2062 495 2127 mala
518 2063 695 2149 impulerat.
731 2062 789 2143 ΥΙ,
813 2065 844 2143 2,
866 2065 897 2129 3.
944 2062 1035 2128 Tunc
1056 2061 1105 2127 ad
1128 2059 1378 2148 repetendas
1400 2081 1464 2125 res
1487 2059 1785 2141 resuscitatore
1807 2084 1897 2128 arma
1919 2066 2060 2151 capietis.

244 2165 303 2247 VI,
327 2170 357 2241 3,
384 2169 434 2233 15.
480 2167 613 2233 Praeter
635 2168 716 2232 alios
746 2176 949 2250 commeatus,
981 2188 1117 2254 quorum
1150 2174 1219 2233 tum
1253 2168 1344 2253 copia
1377 2168 1464 2250 regio
1500 2165 1699 2249 abundabat,
1735 2190 1903 2254 pomorum
1936 2192 2063 2258 quoque

245 2273 355 2357 ingens
389 2271 503 2338 modus
541 2274 680 2339 nascitur
712 2282 746 2338 et
777 2274 1026 2339 uberrimum
1056 2272 1279 2359 gignendis
1312 2273 1406 2336 uvis
1432 2273 1543 2351 ,solum
1578 2281 1635 2338 est
1670 2273 1723 2354 Vl,
1752 2276 1782 2357 4,
1812 2278 1867 2343 21.
1914 2260 2062 2343 dearum

246 2379 450 2465 interrogata,
474 2401 551 2444 num
573 2380 694 2467 aliquid
715 2388 823 2467 petere
846 2382 949 2463 vellet,
980 2381 1067 2445 haud
1097 2380 1258 2445 dubitavit
1285 2378 1376 2444 fateri
1399 2377 1448 2443 ad
1470 2380 1834 2446 communicandos
1858 2403 1946 2448 oum
1968 2404 2061 2469 rege

244 2485 406 2549 liberos
428 2507 463 2551 se
486 2487 621 2568 venisse,
645 2486 784 2571 dignam,
807 2508 849 2553 ex
872 2508 936 2573 qua
957 2487 1025 2574 ipse
1047 2488 1138 2571 regni
1158 2493 1327 2570 generaret
1348 2484 1496 2550 heredes:
1519 2486 1661 2551 feminini
1683 2508 1837 2554 sexus'sa
1860 2496 2061 2572 retenturam,

247 2611 368 2656 marem
391 2592 585 2658 reddituram
608 2595 698 2680 patri.
721 2584 833 2675 ΥΙ,’5,
857 2597 909 2659 30.
952 2594 997 2658 Et
1018 2595 1093 2680 quia
1113 2592 1239 2677 longius
1262 2591 1373 2657 abesse
1395 2611 1469 2656 eum
1492 2599 1690 2676 cognoverat,
1715 2592 1760 2657 ad
1783 2595 2060 2681 expugnandos

245 2717 328 2777 eos,
368 2699 422 2783 qui
459 2697 545 2764 edita
584 2701 738 2765 montium
776 2707 1016 2786 occupaverant,
1053 2699 1143 2766 redit
1181 2698 1241 2780 VI,
1271 2699 1301 2778 6,
1333 2697 1384 2762 25.
1440 2697 1515 2763 Rex
1552 2697 1601 2763 ad
1639 2700 2060 2785 conprehendendum

243 2800 435 2890 Dymnum
454 2806 559 2870 missis
579 2806 769 2871 satellitibus
784 2807 1063 2872 armamentarium
1084 2807 1189 2871 intrat
1210 2803 1269 2885 VI,
1294 2806 1323 2884 7,
1346 2806 1398 2868 24.
1445 2803 1530 2868 Satis
1552 2804 1691 2868 hostium
1713 2819 1865 2891 superest,
1887 2806 1937 2871 ad
1958 2828 2059 2893 quoa

164 2973 167 2980 ,
245 2909 566 2996 persequendos
589 2912 665 2977 ituri
687 2932 812 2977 sumus:
834 2911 1166 2979 latusadomesticie
1187 2910 1333 2974 hostibus
1359 2910 1456 2974 muni.
1479 2908 1536 2992 Vl,
1560 2910 1590 2990 8,
1614 2911 1644 2976 9.
1690 2910 2059 2980 Hiedalioscon'·

244 3016 406 3081 iuratos
442 3018 840 3104 conprehendendos
874 3019 1036 3084 distributi
1056 3025 1145 3088 sunt:
1178 3015 1347 3082 Atharrias
1386 3037 1459 3081 cum
1497 3019 1644 3083 trecentis
1677 3018 1718 3083 ad
1751 3018 1913 3086 Philotam
1945 3022 2060 3087 missus

245 3122 386 3187 clausum
427 3123 549 3188 aditum
587 3123 707 3189 domus
738 3126 938 3204 moliebatur,
971 3124 999 3188 L
1029 3125 1179 3189 iuvenum
1213 3123 1457 3210 promptissimis
1492 3122 1636 3208 stipatus,
1670 3145 1745 3189 nam
1779 3134 1899 3192 ceteros
1934 3128 2058 3211 cingere

243 3227 384 3315 undique
407 3229 540 3295 domum
562 3231 706 3311 iusserat,
734 3252 773 3296 ne
797 3233 919 3296 occulto
943 3230 1033 3296 aditu
1056 3230 1200 3295 Philotas
1222 3235 1329 3316 posset
1350 3229 1442 3294 elabi.
1468 3229 1519 3309 ΥΙ,
1543 3231 1573 3309 8,
1598 3232 1651 3296 20.
1697 3230 1796 3295 Haud
1819 3253 1978 3318 quaquam
1999 3255 2057 3319 pro

243 3356 299 3420 spe
322 3337 420 3422 ipsius
442 3335 603 3423 Amyntae
627 3338 727 3402 oratio
749 3345 842 3422 grata
863 3339 932 3422 regi
954 3338 1023 3417 fuit,
1046 3336 1131 3423 quod
1155 3336 1333 3420 coniugum,
1362 3334 1448 3421 quod
1476 3335 1599 3420 patriae
1630 3335 1809 3402 admonitos
1831 3339 1985 3424 pigriores
2008 3339 2058 3405 ad

245 3450 387 3506 cetera
409 3445 548 3509 munis
571 3444 818 3529 exequenda
840 3444 1021 3509 fecisset.
1049 3442 1106 3524 ΥΙ,
1129 3445 1159 3522 9,
1183 3444 1235 3507 29.
1283 3441 1423 3507 Consilio
1458 3460 1533 3525 ergo
1567 3441 1698 3507 dimisso
1732 3443 1953 3530 Hephaestion
1986 3466 2058 3510 oum

246 3546 377 3612 Cratero
397 3559 429 3613 et
444 3550 551 3615 Coeno
575 3551 625 3615 ad
648 3553 937 3636 quaestionem
956 3549 997 3615 de
1011 3550 1140 3614 Philota
1162 3547 1390 3613 habendam
1414 3558 1613 3631 consurgunt
1635 3549 1693 3630 VI,
1708 3552 1757 3630 11,
1772 3554 1823 3617 11.
1869 3551 2057 3638 Adgnosoes

246 3659 362 3733 autem,
385 3674 467 3738 quae
487 3655 627 3720 dicturus
651 3678 737 3721 sum:
761 3658 878 3744 quippe
892 3657 1074 3737 meministi,
1097 3676 1169 3721 cum
1190 3675 1243 3719 mc
1265 3654 1312 3717 ad
1335 3653 1621 3740 perducendos
1644 3677 1686 3721 ex
1701 3655 1891 3723 Macedonia
1913 3661 2055 3726 milites

245 3759 394 3839 mitteres,
431 3761 551 3827 dixisse
586 3772 626 3842 tc,
662 3765 778 3828 multos
812 3765 950 3848 integros
982 3765 1112 3828 iuvenes
1141 3763 1173 3826 in
1203 3761 1299 3825 domo
1322 3769 1395 3825 tuac
1417 3761 1527 3826 matris
1550 3762 1712 3829 abscondi.
1747 3764 1822 3845 ΥΠ,
1848 3768 1951 3844 1,3t.
1995 3765 2055 3831 Ad

245 3885 361 3949 quem
391 3868 729 3954 persequendum
759 3870 1095 3956 puniendumque
1128 3868 1210 3950 uide,
1244 3874 1396 3952 quantum
1427 3865 1502 3931 fidei
1536 3874 1609 3933 tuae
1642 3868 1769 3934 credam
1791 3906 1835 3918 —
1858 3880 1889 3936 te
1911 3872 2055 3938 ministro

242 3972 289 4034 uti
312 3974 420 4040 statui.
457 3970 532 4056 ΥΠ,
556 3974 586 4056 2,
613 3977 663 4039 14.
708 3974 908 4062 Agendae
931 3983 1068 4042 autem
1091 3976 1149 4039 rei
1181 3975 1407 4039 constituerant
1440 3980 1574 4058 tempus,
1610 3995 1680 4039 cum
1703 3975 1894 4042 Parmenion
1917 3999 1937 4042 5
1958 3978 2055 4066 Poly·

242 4074 392 4143 damante
409 4080 528 4145 litterae
544 4081 677 4146 traditas
692 4084 797 4167 legere
820 4084 984 4168 coepisset.
1008 4082 1083 4163 VH,
1106 4085 1137 4163 2,
1160 4084 1212 4146 23.
1258 4078 1450 4165 Polydamas
1473 4081 1582 4165 procul
1597 4083 1736 4163 veniens,
1758 4090 1795 4148 ut
1809 4105 1829 4147 5
1843 4083 2053 4152 Parmenione

244 4193 428 4271 conspectus
451 4194 511 4268 eet,
535 4188 625 4251 vultu
640 4189 780 4254 laetitiae
797 4191 933 4275 speciem
948 4190 1144 4276 praeferente
1166 4187 1216 4251 ad
1240 4185 1593 4271 complectendum
1618 4208 1704 4253 eum
1727 4190 1864 4253 cucurrit
1879 4199 2053 4278 muneque

242 4293 456 4375 gratulatione
478 4293 587 4374 functi,
610 4293 804 4381 Polydamas
827 4296 991 4381 epistolam
1014 4318 1034 4359 a
1048 4317 1124 4381 rege
1138 4295 1288 4379 scriptam
1311 4292 1340 4357 ei
1354 4291 1495 4371 tradidit,
1517 4292 1709 4360 Parmenion
1724 4295 1885 4361 vinculum
1899 4299 2053 4385 epistolae

243 4398 378 4480 solvens,
414 4399 564 4485 quidnam
595 4422 654 4466 rex
684 4411 804 4488 ageret,
837 4403 1029 4487 requirebat.
1064 4401 1139 4484 ΥΠ,
1162 4404 1191 4481 2,
1216 4403 1268 4465 24.
1313 4398 1561 4464 Condendae
1584 4402 1617 4465 in
1639 4400 1799 4467 radicibus
1821 4405 1937 4470 montis
1960 4407 2049 4471 urbi

242 4503 333 4569 sedes
358 4507 460 4570 electa
482 4515 539 4571 est.
564 4506 639 4587 VH,
665 4510 694 4588 3,
719 4510 770 4572 23.
815 4507 960 4573 Anxium
975 4529 1082 4592 regem
1098 4507 1193 4573 tantis
1206 4506 1299 4572 malis
1314 4504 1493 4570 circumfusi
1516 4507 1617 4587 amici,
1639 4515 1676 4573 ut
1690 4510 1892 4590 meminisset,
1909 4512 2051 4591 orabant,

243 4611 340 4674 animi
370 4613 419 4675 sui
449 4613 700 4695 magnitudinem
723 4615 853 4680 unicum
875 4614 1051 4681 remedium
1079 4614 1252 4679 deficientis
1287 4611 1445 4676 exercitus
1479 4633 1563 4678 esse:
1599 4634 1671 4678 cum
1706 4638 1747 4681 ex
1780 4616 1838 4696 bis,
1871 4617 1926 4701 qui
1958 4637 2049 4704 prec-

243 4728 402 4783 oesserant
425 4716 472 4782 ad
496 4719 736 4806 capiendum
761 4723 892 4786 locum
916 4723 1034 4805 cestris,
1064 4720 1128 4787 due
1151 4727 1320 4785 occurrunt
1340 4718 1464 4783 utribus
1487 4741 1602 4806 aquam
1623 4731 1792 4806 gestantes,
1822 4731 1858 4785 ut
1879 4722 1953 4788 filiis
1975 4726 2051 4807 suis,

243 4843 322 4908 quoe
343 4825 377 4887 in
399 4824 512 4890 eodem
535 4826 661 4911 agmine
683 4848 752 4893 esee
774 4838 807 4893 et
828 4849 922 4914 aegre
944 4831 1012 4916 pati
1032 4830 1117 4894 sitim
1140 4849 1204 4894 non
1225 4825 1422 4911 ignorabant,
1445 4836 1652 4894 occurrerent.
1681 4828 1755 4909 ΥΠ,
1777 4831 1808 4909 5,
1833 4831 1884 4895 19.
1930 4829 1976 4895 At
1997 4831 2052 4902 illc

244 4929 403 5000 thoracem
427 4931 532 4997 adhuc
553 4932 682 4997 indutus
705 4956 764 5000 neo
787 4944 843 5000 aut
865 4937 935 5001 cibo
965 4936 1099 5003 refectus
1129 4944 1184 4999 aut
1212 4941 1300 5021 potu,
1335 4952 1398 5016 qua
1430 4933 1579 4999 veniebat
1611 4935 1775 5015 exercitus,
1810 4937 1958 5016 constitit,
1992 4956 2050 5001 neo

243 5045 317 5103 ante
340 5038 386 5101 ad
410 5040 628 5106 curandum
652 5061 800 5129 corpus
823 5043 959 5122 recessit,
983 5063 1078 5129 quam
1100 5042 1337 5129 praeterierant,
1361 5041 1415 5124 qui
1437 5059 1551 5123 agmen
1574 5040 1771 5122 claudebant,
1795 5049 1955 5129 totamque
1978 5063 2049 5108 eom
