4934 5950
1166 587 1482 665 ,,,,,,,,.,

419 805 521 864 semet
541 797 744 878 interemerit,
777 797 1019 882 qualiscrmque
1051 804 1152 877 aaut,
1182 817 1260 861 nou
1292 796 1429 862 fuisse
1462 794 1694 862 reticenda.
1732 794 1788 876 VI,
1813 797 1842 876 7,
1868 798 1920 861 34.
1969 794 2036 860 Cur
2057 795 2155 879 igitur
2176 814 2232 860 ex-

420 904 570 969 traxisset
591 902 735 983 biduum,
769 911 919 989 tauquam
950 901 1067 968 indicio
1097 902 1368 969 haberetfidem?
1401 900 1702 967 dimittendum
1737 903 1874 968 luisse
1908 901 2170 980 Cebalinum,
2205 901 2232 966 si

417 1009 611 1075 delationem
633 1010 702 1075 eius
724 1008 908 1075 damnabat.
931 1009 989 1091 VI,
1012 1010 1043 1090 8,
1068 1012 1119 1074 13.
1164 1010 1284 1074 Omnes
1305 1010 1403 1093 igitur
1424 1008 1684 1093 quaestionem
1707 1007 1747 1072 de
1770 1028 1818 1088 eo,
1849 1015 1886 1072 ut
1915 1008 2085 1094 participes
2107 1007 2233 1073 sceleris

417 1115 559 1181 indicare
581 1122 756 1201 cogeretur,
788 1115 1021 1182 habendam
1056 1136 1145 1180 esse
1179 1113 1360 1181 decernunt.
1393 1114 1452 1195 VI,
1475 1116 1506 1194 9,
1531 1115 1583 1180 15.
1630 1112 1926 1180 Sedviucenda
1949 1115 2233 1181 estmemoria

421 1222 574 1310 pristinae
597 1223 739 1287 cantatu
762 1230 795 1287 et
817 1223 1026 1288 coniuratio
1050 1222 1208 1308 inpiorum
1230 1223 1347 1287 cirirm
1369 1219 1588 1306 detegenda.
1624 1219 1677 1301 VI,
1702 1223 1732 1300 9,
1758 1222 1789 1286 4.
1836 1219 1900 1286 Sed
1938 1221 2003 1287 iam
2030 1241 2093 1286 nou
2116 1221 2233 1286 rerba

421 1329 616 1415 punienda
638 1337 740 1393 suut:
762 1330 890 1414 linguae
911 1330 1071 1395 temeritas
1092 1329 1238 1414 pervenit
1258 1328 1301 1393 ad
1321 1327 1456 1413 gladios.
1491 1327 1549 1409 VI,
1576 1330 1606 1407 9,
1636 1329 1689 1394 20.
1734 1327 1847 1393 Potuit
1879 1348 1956 1412 ergo
1986 1328 2132 1414 Dymnus
2159 1348 2233 1394 eum

423 1435 605 1522 praeterire,
640 1455 734 1519 quem
767 1436 966 1521 sequebatur,
1000 1436 1185 1521 praesertim
1211 1455 1284 1499 cum
1312 1435 1476 1520 quaerenti
1502 1434 1605 1499 socios
1632 1434 1684 1498 vel
1707 1433 1787 1498 ialso
1811 1433 1946 1499 luerim
1969 1433 2232 1517 nominandus,

421 1561 486 1626 qno
509 1541 641 1623 facilius,
664 1542 719 1626 qui
741 1541 962 1627 temptabatur,
984 1548 1092 1627 posset
1113 1540 1242 1626 inpellit
1264 1540 1322 1621 VI,
1340 1544 1389 1621 10,
1405 1543 1436 1606 6.
1474 1539 1684 1625 Iampridem
1701 1541 1829 1606 nativus
1844 1541 1898 1605 ille
1919 1562 2023 1606 sermo
2046 1543 2232 1607 commercio

424 1648 558 1712 abarum
592 1649 734 1732 gentium
772 1647 924 1717 exolevit:
961 1654 1027 1712 tam
1064 1647 1237 1712 victoribus
1274 1668 1369 1733 quam
1405 1647 1497 1711 victis
1535 1647 1738 1733 peregriua
1774 1647 1908 1731 lingua
1946 1646 2129 1712 discenda
2166 1657 2232 1716 est

421 1753 481 1834 VI,
506 1756 556 1833 10,
580 1755 632 1819 93.
679 1752 763 1818 Tum
795 1770 871 1818 varo
900 1753 1049 1818 universa
1082 1752 1186 1819 condo
1219 1773 1352 1818 accensa
1384 1762 1434 1831 est
1459 1760 1492 1819 et
1517 1775 1538 1817 a
1565 1753 1706 1839 corporis
1743 1753 1929 1819 custodibus
1962 1754 2089 1820 initium
2115 1754 2233 1821 iacmm

427 1860 648 1940 clamantibus,
684 1858 969 1945 discerpendum
1000 1880 1083 1925 esse
1114 1858 1347 1945 parricidam
1380 1860 1528 1925 manibus
1561 1879 1671 1926 eorum
1701 1896 1744 1906 -
1771 1859 1806 1924 id
1836 1859 1965 1945 quidem
1991 1860 2146 1943 Philotas,
2179 1863 2233 1947 qui

423 1967 572 2053 graviora
594 1967 750 2053 supplicia
771 1973 935 2049 metueret,
957 1965 1044 2031 baud
1066 1987 1142 2031 sane
1163 1967 1272 2051 iniquo
1295 1967 1401 2031 auimo
1424 1964 1584 2046 audiebat,
1606 1973 1641 2032 at
1661 1987 1720 2031 rex
1741 1966 1775 2030 in
1798 1967 1976 2034 contionem
1990 1988 2145 2049 tenemus,
2167 1970 2235 2034 sive

428 2081 466 2139 ut
488 2074 521 2137 in
544 2072 689 2138 custodia
711 2093 837 2158 quoque
859 2079 1028 2159 torqueret,
1062 2074 1129 2138 sire
1160 2079 1198 2137 ut
1229 2072 1411 2157 diligentius
1441 2078 1553 2139 cuncta
1582 2079 1793 2157 cognosceret,
1822 2073 1989 2137 consilium
2016 2074 2050 2138 iu
2071 2082 2235 2160 posterum

422 2179 509 2245 diem
545 2178 670 2244 distulit
707 2187 753 2259 et,
795 2200 988 2265 quamquam
1025 2180 1058 2244 in
1095 2199 1260 2265 respuam
1297 2179 1469 2245 inclinabat
1507 2179 1585 2261 dies,
1624 2188 1730 2244 tamen
1769 2180 1888 2244 amicos
1928 2181 2094 2245 convocari
2134 2181 2232 2250 iubet

423 2286 482 2368 VI,
507 2289 557 2367 11,
582 2287 678 2352 8-9.
722 2286 768 2351 Et
788 2287 899 2352 cetsr‘n
921 2285 1051 2373 quidem
1072 2286 1228 2373 placebat,
1253 2284 1465 2351 Macedonum
1487 2307 1576 2351 more
1597 2286 1691 2350 obrui
1713 2288 1809 2368 saxis,
1841 2286 2040 2373 Hephaestio
2068 2296 2176 2355 autam
2203 2298 2236 2357 st

422 2392 573 2460 Craterus
593 2400 627 2458 et
648 2393 776 2459 Οοθιιιιι
798 2395 961 2459 tormentis
984 2394 1184 2459 veritatem
1207 2390 1493 2478 exprimendam
1515 2414 1601 2458 esse
1621 2391 1768 2458 dixenrnt
1790 2402 1822 2459 et
1843 2394 1890 2457 illi
1907 2414 2042 2479 quoque,
2069 2396 2125 2482 qui
2147 2395 2235 2463 aliud

423 2505 599 2579 suaserant,
620 2500 654 2563 iu
677 2500 790 2563 borum
812 2500 1000 2564 seumutiam
1022 2506 1194 2565 transeunt
1218 2498 1277 2578 VI,
1302 2501 1353 2578 11,
1377 2501 1428 2564 19.
1473 2498 1672 2565 Pertinacius
1687 2497 1804 2564 deinde
1816 2500 2018 2586 precantibus
2039 2502 2235 2569 materiem

430 2605 693 2670 consternationis
716 2604 1014 2670 subtrahendam
1036 2612 1123 2669 ratus
1146 2606 1250 2691 capite
1271 2603 1378 2670 deciso
1401 2613 1546 2669 truncum
1574 2605 1706 2669 humare
1732 2606 1889 2692 permisit:
1923 2605 1965 2671 ad
1999 2627 2106 2691 regem
2140 2618 2236 2696 caput

424 2712 558 2776 missum
579 2718 637 2777 est.
661 2710 737 2791 VII,
759 2712 789 2791 2,
812 2712 865 2777 32.
911 2708 1104 2794 Alexander,
1127 2731 1207 2796 quos
1228 2711 1328 2776 libere
1342 2718 1478 2777 mortem
1492 2711 1713 2777 Parmenionis
1728 2720 1916 2796 conquestos
1939 2734 2009 2778 esse
2031 2724 2235 2801 compererat,

422 2817 682 2905 separandos
706 2839 727 2881 a
748 2824 852 2884 cetero
868 2819 1010 2883 exercitu
1032 2826 1148 2883 ratus
1170 2819 1204 2883 iu
1224 2838 1323 2883 uuam
1338 2818 1499 2884 cohortem
1521 2818 1655 2884 secrevit
1669 2816 1844 2905 ducemque
1867 2819 1916 2883 his
1936 2819 2115 2885 Leonidam
2138 2820 2235 2904 dedit,

422 2932 456 2992 et
478 2926 582 3012 ipsum
602 2924 806 2991 Parmenioni
828 2923 989 3012 quondam
1010 2925 1123 2992 intima
1143 2925 1357 2992 familiaritate
1380 2925 1589 2992 coniunctum.
1624 2917 1699 3007 VII,
1721 2927 1752 3008 2,
1775 2927 1828 2992 35.
1874 2925 2027 3012 Magnum
2058 2948 2137 2994 onus
2167 2950 2235 2996 ιιιι-

420 3033 501 3097 tinea
516 3033 628 3119 capite,
643 3052 754 3116 regum
768 3032 906 3115 insigne:
929 3033 1005 3096 hoc
1019 3039 1075 3097 aut
1089 3032 1253 3098 moderate
1268 3032 1559 3119 perferendum
1583 3040 1660 3114 est,
1683 3039 1748 3114 aut,
1762 3032 1848 3118 quod
1864 3033 2040 3116 abominor,
2054 3036 2088 3100 iu
2103 3043 2135 3102 ts
2151 3045 2231 3103 ruet

429 3137 505 3216 VII,
530 3141 560 3219 4,
586 3140 636 3205 12.
682 3136 825 3223 Equites,
848 3157 920 3201 cum
941 3137 1057 3223 quibus
1079 3159 1137 3202 rex
1159 3138 1280 3221 proelis
1301 3137 1380 3202 inire
1401 3137 1514 3203 solitus
1537 3145 1614 3219 erat,
1646 3138 1696 3201 sui
1725 3139 1864 3204 muneris
1892 3138 1926 3203 id
1956 3161 2027 3206 esse
2049 3143 2235 3210 censebant:

429 3243 552 3332 pedites
575 3252 692 3325 contra,
724 3264 796 3308 cum
818 3244 941 3309 saucios
965 3243 1195 3309 commilitones
1216 3243 1278 3329 ipsi
1298 3250 1423 3328 gestare
1445 3244 1673 3325 adsuerissent,
1707 3244 1786 3330 eripi
1815 3245 1877 3311 sibi
1905 3247 2068 3333 proprium
2098 3248 2235 3315 officium

429 3358 499 3416 tum
520 3352 728 3437 potissimum,
751 3372 838 3415 cum
860 3372 931 3416 rex
952 3350 1181 3435 gestandus
1203 3357 1329 3430 esset,
1351 3350 1576 3435 querebantur.
1605 3350 1680 3432 VII,
1703 3352 1733 3432 6,
1756 3353 1786 3415 8.
1831 3351 1925 3417 Circa
1946 3374 2017 3419 eam
2039 3354 2087 3420 VI
2110 3356 2235 3443 oppidis

427 3455 599 3522 condendis
622 3458 723 3523 electa
746 3456 838 3522 sedes
860 3464 925 3523 est:
960 3455 1024 3520 dno
1058 3454 1100 3519 ad
1128 3455 1295 3521 meridiem
1325 3477 1427 3538 versa,
1459 3456 1528 3522 IIII
1556 3458 1732 3543 spectantia
1760 3456 1914 3523 orientem
1942 3459 2075 3526 modicis
2097 3462 2179 3528 iuter
2199 3485 2235 3529 se

423 3563 534 3649 spatiis
557 3561 729 3643 distabant,
751 3584 792 3628 ue
813 3562 923 3648 procul
946 3562 1218 3649 repetendum
1242 3570 1353 3629 esset
1374 3570 1557 3628 mutuum
1579 3563 1796 3628 auxilium.
1822 3563 1893 3645 ΥΠ,
1912 3565 2031 3647 10‚15.
2077 3568 2137 3633 Illa
2160 3590 2234 3635 vero

424 3669 614 3734 namabilis
637 3676 705 3735 erat
726 3669 831 3752 isaim,
853 3689 926 3735 cum
946 3669 979 3750 ii,
1001 3690 1080 3755 quos
1101 3670 1257 3735 instabilis
1278 3668 1397 3754 gradus
1420 3668 1582 3750 fefellerat,
1613 3690 1654 3735 ex
1676 3669 1841 3756 praecipiti
1864 3669 2121 3739 devolverentur:
2157 3697 2235 3741 mox

430 3773 572 3842 eadem
594 3775 628 3840 in
649 3796 684 3841 sc
706 3775 911 3862 patienda
942 3776 1036 3841 alieni
1065 3797 1157 3840 casus
1190 3774 1378 3842 ostendebat
1411 3776 1602 3863 exemplum.
1635 3775 1710 3858 VH,
1734 3776 1786 3857 11,
1811 3778 1862 3844 16.
1908 3776 2093 3846 Alexander
2115 3783 2235 3849 maiore

431 3882 517 3948 lama
539 3901 634 3968 qnam
656 3882 759 3966 gloria
780 3883 814 3947 in
836 3864 993 3948 dicionem
1013 3880 1143 3947 redacta
1164 3888 1263 3967 petra,
1285 3902 1357 3947 curn
1380 3888 1508 3968 propter
1530 3902 1647 3967 vagum
1670 3884 1793 3949 bostem
1816 3886 2074 3969 spargendas
2096 3910 2234 3954 manus

428 3997 586 4068 esseut,
616 3989 650 4053 iu
678 3995 743 4054 tres
771 3995 877 4075 partes
899 3988 1008 4055 divisit
1029 3989 1214 4055 exaratum.
1250 3988 1340 4068 VIII,
1365 3991 1393 4069 1,
1418 3991 1447 4055 1.
1493 3988 1620 4054 Debere
1641 3988 1725 4053 idem
1748 3989 1851 4055 iacere
1874 3998 1994 4058 eeteros
2017 4001 2050 4059 et
2070 3994 2103 4060 in
2126 3997 2235 4080 primis
2269 4058 2273 4064 .

437 4097 593 4182 sapientis
614 4095 791 4182 praeditos:
814 4096 856 4160 ab
878 4096 940 4162 illis
962 4096 1047 4162 enim
1069 4096 1172 4160 cultus
1193 4096 1227 4159 in
1248 4114 1356 4178 regem
1379 4096 1611 4181 exemplum
1634 4116 1724 4161 esse
1747 4095 1987 4181 prodendum.
2011 4100 2104 4183 VIII,
2126 4104 2157 4185 5,
2181 4103 2232 4170 12.

423 4201 500 4267 Non
521 4202 620 4288 pudet
641 4203 772 4289 patrias,
801 4223 861 4268 uec
881 4201 1038 4284 desidero,
1068 4202 1109 4267 ad
1131 4223 1225 4288 quem
1247 4201 1378 4266 modum
1400 4223 1471 4267 rex
1493 4201 1574 4267 mihi
1594 4202 1797 4268 colendus
1819 4206 1893 4286 sit,
1928 4226 1948 4269 a
1981 4207 2074 4272 victis
2103 4207 2249 4274 unare:

429 4307 521 4388 VIH,
545 4309 575 4389 b,
600 4311 652 4375 19.
697 4308 824 4375 Primus
847 4331 889 4375 ex
911 4310 1057 4375 omuibus
1079 4315 1169 4394 pater
1189 4308 1289 4395 ipsius
1312 4307 1447 4394 Sopolis,
1475 4308 1667 4394 parricidam
1695 4311 1791 4375 ctiam
1821 4311 1960 4396 parentis
1991 4313 2041 4378 sui
2071 4315 2237 4382 clamitans

424 4435 504 4495 esse,
527 4415 688 4499 consurgit
709 4424 742 4481 st
763 4415 805 4481 ad
828 4435 864 4481 os
887 4437 983 4482 mauu
1006 4415 1130 4482 obiecta
1150 4417 1269 4481 scelere
1292 4424 1324 4481 et
1352 4416 1444 4480 malis
1475 4416 1758 4482 insanientem
1791 4418 1875 4482 ultra
1907 4427 2033 4503 negat
2062 4422 2235 4489 audien·

424 4522 543 4592 dum.
571 4520 663 4601 VIII,
689 4523 717 4601 t,
742 4524 772 4591 2.
818 4523 853 4589 Si
883 4524 1001 4590 habere
1030 4522 1152 4604 Asiam,
1185 4544 1250 4589 nou
1283 4523 1417 4589 uansue
1442 4523 1597 4603 volumus,
1623 4543 1695 4588 etun
1720 4523 1770 4588 his
1803 4526 2142 4593 communicanda
2174 4536 2237 4595 est

427 4635 572 4696 nostra
594 4629 832 4695 clementia:
867 4631 981 4696 horum
1002 4631 1082 4698 tides
1103 4631 1218 4697 stabile
1241 4638 1273 4695 et
1295 4637 1458 4695 aeternum
1480 4628 1573 4694 acia
1593 4629 1772 4715 imperium.
1807 4629 1900 4711 VIH,
1924 4633 1954 4713 8,
1980 4635 2031 4701 12.
2077 4635 2137 4716 Illi,
2160 4637 2236 4721 quia

429 4738 522 4824 plura
542 4736 718 4802 flumina
739 4738 973 4824 superanda
994 4747 1126 4821 erant,
1149 4740 1195 4803 sic
1215 4739 1349 4804 irmxere
1369 4756 1476 4816 naras
1498 4741 1536 4800 nt
1557 4737 1679 4802 solutae
1694 4736 1843 4822 plaustris
1865 4738 1939 4804 vehi
1961 4748 2092 4825 possent
2113 4762 2235 4808 rursus-

432 4863 496 4930 que
518 4844 676 4929 coniungi.
698 4843 790 4926 VIII,
815 4846 866 4926 19,
889 4847 919 4910 3.
962 4845 1137 4912 Multorum
1149 4844 1340 4912 miserabilis
1361 4841 1422 4906 tuit
1443 4861 1544 4923 casus,
1564 4862 1645 4927 quos
1659 4864 1702 4908 ex
1716 4852 1886 4932 praerupta
1906 4865 1985 4932 rupe
2006 4847 2111 4933 lapsos
2134 4850 2236 4915 amnis

430 4951 657 5039 praeterfluens
680 4951 795 5033 hausit,
816 4951 906 5017 triste
927 4952 1139 5039 spectaculum
1162 4952 1258 5018 etiam
1280 4971 1343 5017 nou
1366 4949 1631 5036 periclitantibus:
1666 4971 1738 5015 cum
1767 4972 1842 5017 vero
1865 4952 1970 5018 alieno
1993 4953 2101 5035 exitio,
2135 4954 2236 5041 quid

426 5058 538 5147 ipsis
561 5057 785 5125 timendum
808 5057 824 5121 i
827 5067 933 5141 oret,
949 5058 1201 5142 admonerentur,
1215 5059 1250 5123 in
1260 5065 1379 5124 metrum
1391 5057 1608 5124 misericordia
1618 5079 1710 5124 versa
1723 5079 1787 5124 non
1798 5060 1964 5140 manetes,
1979 5059 2037 5125 sed
2048 5062 2235 5148 semetipsos
