4934 5950
286 838 406 905 cedere.
445 837 537 919 lllII,
573 836 624 917 11,
660 836 712 901 19.
769 834 940 919 Regnabat
972 836 1006 901 in
1039 856 1078 902 ea
1111 837 1240 921 regione
1274 834 1423 921 Omphis,
1458 833 1512 919 qui
1545 833 1626 919 patri
1661 851 1786 918 quoque
1818 831 1922 897 fuerat
1956 839 2103 896 auctor

285 943 466 1011 dedendi
488 952 658 1027 regn‘um
679 939 925 1006 Alexandro
949 949 981 1006 et
1004 951 1076 1029 post
1099 951 1235 1007 mortem
1259 941 1398 1029 parentis
1412 942 1534 1025 legatos
1549 940 1688 1019 miserat,
1713 939 1767 1023 qui
1791 939 1990 1003 consulerent
2012 959 2095 1019 eum,

284 1070 417 1136 regnare
439 1071 474 1116 se
495 1050 622 1114 interim
645 1049 741 1112 vellet
762 1068 803 1110 an
825 1047 984 1133 privabrm
1008 1049 1145 1135 opperiri
1168 1050 1236 1113 eius
1260 1047 1440 1113 adventum.
1473 1045 1566 1127 VIII,
1599 1046 1650 1126 12,
1682 1045 1712 1110 5.
1758 1043 1810 1108 illi
1834 1045 2102 1110 clementiam

287 1158 398 1241 regis
430 1156 639 1241 simulque
669 1154 749 1217 vim
780 1155 1139 1220 commemorando
1175 1155 1216 1219 ad
1251 1154 1446 1219 deditionem
1480 1173 1535 1216 eos
1570 1151 1755 1238 conpulere:
1792 1158 1973 1236 ceterasque
2006 1151 2102 1217 urbes

285 1263 380 1327 simili
402 1261 499 1327 modo
523 1259 659 1325 domitas
680 1258 833 1324 infidam
855 1261 985 1347 accepit.
1019 1261 1078 1343 lX,
1104 1264 1132 1343 1,
1156 1264 1207 1327 23.
1254 1262 1387 1327 Genitos
1413 1260 1531 1325 liberos
1553 1279 1616 1322 non
1638 1264 1804 1343 parentum
1827 1257 1955 1321 arbitrio
1979 1258 2094 1322 tollunt

284 1370 444 1455 alantque,
478 1367 535 1433 sed
570 1386 688 1447 eorum,
723 1366 839 1452 quibus
870 1367 1086 1453 spectandi
1119 1367 1277 1432 infantum
1306 1367 1494 1432 habitum
1524 1386 1600 1430 cura
1634 1362 1785 1428 mandata
1815 1372 1872 1429 est.
1908 1363 1967 1444 IX,
1993 1367 2021 1445 l,
2045 1366 2099 1433 ab.

284 1474 373 1540 Mille
406 1474 540 1558 navigiis
572 1472 716 1538 aditurum
750 1470 912 1537 Oceanum
946 1472 1171 1559 discordesque
1205 1481 1238 1539 et
1269 1481 1377 1540 vetera
1411 1472 1486 1537 odia
1519 1479 1724 1537 retractantes
1753 1470 1874 1535 Porum
1897 1480 1929 1536 et
1951 1469 2104 1564 Taxilen,

206 1669 208 1672 y
284 1580 397 1646 Indiae
418 1599 517 1665 reges,
540 1579 685 1644 firmatae
706 1599 764 1664 per
787 1577 983 1644 adfinitatem
1004 1581 1126 1664 gratiae
1148 1580 1299 1665 relinquit
1320 1580 1353 1643 in
1377 1579 1442 1643 suis
1464 1578 1578 1662 regnis,
1608 1598 1733 1641 summo
1763 1578 1802 1641 in
1831 1575 2098 1642 aedificanda

287 1687 421 1751 classe
444 1686 610 1751 amborum
632 1683 738 1749 studio
760 1704 846 1749 usus.
881 1684 942 1766 IX,
974 1689 1004 1767 3,
1035 1688 1088 1752 22.
1135 1686 1204 1752 Neo
1239 1687 1386 1772 cuiquam
1420 1683 1536 1750 deinde
1566 1685 1697 1771 propius
1730 1682 1972 1749 incessendi
2007 1703 2094 1749 eum

286 1794 445 1856 animus
478 1791 551 1856 fuit:
585 1792 696 1877 procul
727 1791 829 1855 iacula
861 1792 1054 1878 sagittasque
1089 1793 1266 1871 mittebant.
1300 1791 1359 1873 IX,
1383 1792 1413 1873 5,
1437 1792 1466 1858 8.
1514 1790 1626 1856 Victor
1655 1792 1820 1877 utriusque
1854 1791 1991 1875 regionis
2022 1796 2097 1875 post

287 1918 407 1963 nonum
428 1898 517 1983 regni
540 1898 611 1978 mei,
645 1903 719 1984 post
741 1898 927 1963 vicesimum
950 1905 1045 1985 atque
1068 1907 1215 1964 octauam
1237 1899 1350 1963 aetatis
1373 1918 1500 1979 annum,
1534 1896 1685 1963 videorne
1707 1898 1800 1962 vobis
1822 1898 1861 1961 in
1884 1895 2103 1962 excolenda

287 2004 443 2089 gloria,
468 2004 518 2068 oui
540 2024 592 2068 me
614 2004 670 2067 uni
692 2002 817 2086 devovi,
838 2025 932 2090 posse
955 2005 1104 2074 cessare?
1135 2007 1194 2090 lX,
1219 2008 1249 2087 6,
1274 2007 1326 2070 21.
1374 2004 1532 2086 Ceterum,
1555 2005 1705 2091 quoniam
1727 2005 1804 2068 olim
1826 2005 1888 2069 rei
1911 2004 2099 2088 agitatae

285 2109 329 2174 in
351 2110 482 2174 animo
505 2130 590 2197 meo
613 2131 717 2174 nuno
739 2111 989 2196 promendae
1013 2113 1177 2177 accasio
1200 2113 1311 2178 oblata
1331 2120 1388 2192 est,
1410 2112 1490 2176 mihi
1503 2111 1661 2176 maximus
1677 2111 1823 2175 laborum
1848 2117 1944 2196 atque
1967 2128 2099 2195 operum

285 2235 430 2279 meorum
452 2216 513 2280 erit
533 2215 661 2295 mets,
694 2216 722 2280 si
755 2214 920 2303 Olympias
951 2225 1054 2284 mater
1084 2220 1317 2284 immortalitati
1351 2227 1557 2299 consecretur,
1590 2216 1780 2303 quandoque
1813 2217 1984 2282 excesserit
2013 2216 2088 2280 vita.

284 2319 345 2403 IX,
369 2323 399 2402 6,
423 2322 475 2387 26.
520 2320 572 2385 Ibi
594 2320 714 2386 dicbus
736 2321 908 2388 subsistere
932 2330 1067 2406 coactus,
1102 2326 1177 2411 quia
1198 2325 1296 2390 duces
1319 2324 1483 2390 socordius
1506 2324 1664 2390 adservati
1687 2323 1902 2410 profugerant,
1924 2323 2020 2402 misit,
2043 2321 2098 2407 qui

286 2427 504 2513 conquirerent
526 2428 622 2492 alios:
644 2448 703 2493 nec
725 2430 1024 2515 repertisperrioax
1047 2430 1163 2518 cupido
1186 2431 1354 2497 risendi
1377 2431 1583 2498 Oceanum
1607 2429 1872 2516 adeundique
1895 2429 2098 2495 terminos

283 2533 423 2598 mundi
455 2535 523 2600 sine
555 2535 692 2619 regionis
726 2535 835 2621 peritis
867 2536 990 2600 flumini
1018 2539 1128 2622 ignoto
1161 2546 1255 2625 capnt
1283 2559 1376 2604 snum
1398 2546 1508 2624 totque
1529 2538 1772 2603 iorbssimomm
1794 2537 1934 2602 virorum
1956 2537 2092 2600 salutem

222 2642 224 2645 ’
285 2640 467 2726 permittere
500 2640 648 2726 conpulit.
684 2640 744 2721 IX,
772 2642 802 2721 a,
830 2644 858 2708 1.
903 2641 977 2707 Rex
1011 2644 1293 2728 cognoscendi
1327 2646 1450 2732 plura
1484 2644 1680 2732 cupidine
1717 2663 1866 2709 accensus
1899 2662 2008 2708 rursus
2041 2662 2096 2708 eos

285 2752 400 2810 terram
422 2747 528 2830 legere
550 2747 647 2828 iubet,
682 2745 783 2813 donec
812 2748 853 2812 ad
885 2749 1058 2836 Euphratis
1087 2773 1122 2815 os
1145 2751 1341 2837 adpellerent
1371 2773 1496 2833 navem,
1530 2752 1604 2817 inde
1637 2751 1770 2815 adverso
1805 2768 1898 2814 amne
1929 2749 2098 2834 Babylona

285 2851 456 2917 subituros.
490 2852 533 2933 X,
558 2856 587 2932 1,
614 2855 663 2919 16.
711 2853 874 2918 Hincilla
896 2856 1075 2941 benignitas
1097 2858 1130 2921 in
1153 2866 1194 2938 te,
1227 2866 1272 2938 ut,
1309 2858 1418 2943 quod
1440 2859 1606 2945 impune
1629 2857 1783 2922 habere
1806 2862 2100 2942 nonpoterat,

286 2957 423 3038 Orsines,
458 2957 606 3022 donando
638 2960 733 3025 etiam
762 2961 897 3045 gratiam
927 2962 1029 3027 iniret
1060 2961 1102 3044 X,
1128 2962 1232 3044 1‚35.
1279 2963 1323 3029 Et
1353 2963 1468 3030 Graeci
1501 2963 1589 3029 haud
1622 2964 1692 3028 ausi
1725 2962 1894 3050 imperium
1927 2962 2087 3049 aspernari

287 3083 479 3149 quamquam
501 3065 798 3130 solvendarum
821 3068 956 3152 legum
979 3067 1012 3132 id
1034 3069 1267 3156 principium
1289 3092 1360 3136 esse
1383 3072 1562 3153 censebant,
1585 3072 1670 3137 bona
1685 3091 1820 3157 quoque,
1843 3091 1925 3156 quae
1939 3076 2093 3149 extarent,

289 3170 455 3235 restituere
489 3170 655 3237 damnatis.
690 3171 733 3254 X,
758 3174 787 3254 2,
811 3175 841 3239 5.
886 3173 1000 3238 Palam
1035 3183 1118 3240 certe
1153 3177 1281 3262 rupistis
1316 3178 1484 3264 imperium
1519 3185 1552 3243 et
1580 3179 1724 3264 precario
1755 3199 1813 3242 rex
1844 3197 1922 3257 sum,
1957 3176 2007 3239 cui
2037 3195 2102 3240 non

290 3274 491 3361 adloquendi,
526 3298 589 3341 non
622 3279 774 3344 noscendi
806 3278 1019 3366 monendique
1053 3290 1109 3346 aut
1136 3283 1330 3349 intuendi
1363 3285 1490 3349 sosius
1513 3285 1692 3370 reliquistis.
1726 3283 1769 3363 Χ,
1793 3286 1822 3364 2,
1848 3285 1899 3349 15.
1945 3281 1996 3347 Ne
2017 3281 2101 3345 servi

289 3381 418 3467 quidem
439 3404 503 3447 uno
525 3403 622 3468 grege
642 3385 828 3471 profugiunt
850 3386 1003 3467 dominos,
1038 3387 1095 3453 sed
1129 3398 1177 3454 est
1210 3390 1341 3475 quidam
1370 3391 1402 3454 in
1432 3391 1494 3455 illis
1525 3390 1658 3476 pudor
1688 3390 1841 3456 secteris
1865 3386 2103 3455 destitutos

296 3488 574 3573 relinquendi.
607 3490 650 3558 X.
676 3495 705 3573 2,
729 3494 781 3558 20.
826 3492 1045 3580 'l'riumphabo
1067 3495 1246 3561 mehercule
1274 3496 1314 3562 de
1343 3497 1419 3582 fuga
1440 3506 1547 3563 vestra
1569 3505 1609 3578 et,
1643 3498 1835 3583 ubicumque
1857 3517 1921 3578 ero,
1954 3502 2103 3582 expetam

292 3595 523 3678 poenashoe,
559 3616 631 3660 cum
653 3599 769 3684 quibus
791 3621 842 3665 me
863 3600 1048 3686 relinquitis,
1081 3600 1257 3666 colendo
1280 3603 1643 3691 praeferendoque
1667 3604 1767 3670 vobis.
1805 3604 1845 3684 X,
1869 3605 1899 3685 2,
1922 3604 1975 3667 29.
2022 3601 2102 3667 Mox

290 3697 405 3765 deinde
428 3720 500 3764 cum
522 3703 653 3789 stirpem
674 3707 798 3789 generis
819 3708 883 3771 mei
904 3708 999 3771 latius
1014 3728 1190 3793 propagare
1213 3730 1370 3796 cuperem,
1393 3731 1528 3777 uxorem
1542 3711 1641 3776 Darei
1662 3711 1761 3775 filiam
1784 3710 1863 3774 duxi
1885 3708 2100 3797 proximisque

289 3805 470 3871 amicorum.
487 3815 633 3873 auctor
653 3810 700 3874 fui
724 3832 765 3877 ex
789 3813 919 3899 captivis
941 3813 1172 3898 generandi
1194 3816 1371 3897 liberos,
1402 3824 1438 3881 ut
1468 3818 1529 3882 hoo
1551 3838 1639 3883 sacro
1664 3816 1793 3883 foedere
1815 3837 1909 3881 omne
1931 3814 2100 3880 discrimen

289 3911 363 3976 victi
394 3920 427 3978 et
455 3914 584 3980 victoris
618 3916 829 3986 excluderem.
866 3920 909 4000 X,
932 3923 962 4001 3,
989 3923 1039 3988 12.
1087 3919 1151 3987 Sed
1172 3922 1327 3988 Perdicca
1355 3945 1396 3989 ne
1418 3922 1542 4011 pedites
1565 3924 1694 4010 quidem
1716 3931 1879 3990 secuturos
1901 3925 2004 4010 ipsum
2028 3921 2100 3987 des·

287 4019 436 4104 perabat:
459 4020 575 4107 itaque,
599 4045 639 4089 ne
661 4024 907 4090 abducendo
931 4028 1095 4113 equites
1128 4030 1293 4116 abrupisse
1324 4052 1343 4094 a
1373 4038 1476 4097 cetero
1509 4033 1652 4098 exercitu
1673 4030 1843 4113 viderebrr,
1866 4031 1900 4094 in
1921 4030 2001 4096 urbe
2023 4030 2100 4095 sub·

288 4123 378 4190 sistit
400 4126 443 4206 X,
467 4128 496 4210 7,
520 4129 572 4193 21.
616 4130 719 4216 Igitur
734 4133 883 4198 concione
898 4132 1029 4199 dimissa
1044 4135 1204 4221 Meleager
1219 4138 1362 4222 equitum
1376 4139 1517 4205 maxime
1539 4138 1715 4205 deiectione
1737 4138 1920 4225 perterritus
1941 4137 2099 4225 inopsque

288 4231 474 4296 consilii-
499 4236 616 4322 quippe
638 4236 671 4301 in
692 4236 797 4323 ipsum
818 4241 994 4325 periculmn
1017 4241 1181 4323 reciderat,
1211 4243 1297 4330 quod
1324 4245 1451 4310 inimico
1473 4247 1569 4333 paulo
1594 4254 1667 4312 ante
1688 4244 1869 4312 intenderat
1892 4282 1932 4295 -
1956 4245 2098 4310 triduum

288 4334 354 4402 lore
375 4343 572 4428 consumpsit
597 4344 758 4408 incerta
790 4348 971 4411 consilia
1000 4349 1218 4415 volvendo.
1253 4350 1296 4434 X,
1320 4352 1349 4433 8,
1374 4355 1403 4417 7.
1450 4353 1534 4418 Tum
1556 4354 1715 4419 communi
1737 4353 2098 4419 consilio-rationem

291 4445 556 4529 opprimendi
585 4450 736 4516 noxios
765 4451 882 4517 ineunt
915 4452 958 4536 Χ,
982 4456 1012 4536 9,
1038 4455 1089 4521 11.
1136 4457 1263 4544 Quippe
1285 4460 1382 4544 paulo
1407 4467 1480 4526 ante
1503 4461 1587 4546 regis
1608 4460 1745 4526 ministri
1767 4462 1909 4549 specie
1932 4458 2100 4547 imperii

288 4549 419 4615 alieni
441 4556 696 4638 procurandi
717 4559 833 4644 singuli
853 4560 995 4645 ingentia
1016 4563 1198 4629 invaserant
1212 4584 1311 4649 regna
1324 4566 1457 4632 sublatis
1481 4568 1687 4635 certaminum
1709 4568 1821 4650 causis,
1845 4590 1917 4639 cnm
1939 4574 1971 4633 ct
1986 4585 2096 4638 omnoe

289 4655 431 4723 eiusdem
452 4660 556 4745 gentis
578 4671 683 4729 essent
705 4672 738 4731 et
759 4687 779 4730 a
802 4668 913 4733 ceteris
935 4669 984 4733 sui
1006 4670 1141 4756 quisque
1162 4670 1288 4757 imperii
1310 4672 1440 4758 regione
1461 4672 1596 4742 disereti
1618 4675 1661 4760 Χ,
1685 4677 1739 4760 10,
1763 4680 1792 4745 7.
