4934 5950
1033 563 1320 637 mvaemvm

268 802 375 870 spem
398 776 524 844 totius
547 774 651 841 orbis
674 770 890 859 oooupandi
911 772 1090 858 gerebatur,
1126 771 1280 837 Graeciae
1313 790 1439 856 quoque
1468 776 1501 835 61
1528 768 1643 834 cresse
1665 789 1755 833 arma
1776 776 2000 836 commoverat
2023 768 2083 852 IV,

273 890 303 971 1,
326 889 378 953 38.
421 875 468 949 At
496 883 550 948 ille
579 878 828 964 haudquaquam
854 877 943 943 rudis
972 876 1246 965 pertractandi
1274 876 1462 942 militares
1490 875 1640 940 animos
1672 876 1810 961 speciem
1843 875 1906 939 sibi
1934 874 2084 941 Herculis

273 995 306 1060 in
326 1012 435 1058 somno
458 989 601 1055 oblatam
624 1006 693 1052 esse
714 985 899 1072 pronuntiat
920 983 1067 1050 denham
1088 984 1296 1071 porrigentis:
1324 984 1380 1049 illo
1403 982 1493 1063 duee,
1515 982 1569 1045 illo
1593 981 1753 1067 aperiente
1774 981 1808 1045 in
1829 981 1941 1047 urbem
1962 981 2083 1047 11111616

273 1122 306 1166 sa
326 1093 653 1176 1111111.Ν,2,11.
698 1090 810 1156 Multis
831 1110 908 1175 ergo
931 1092 1061 1177 impune
1082 1091 1264 1172 vulneratis,
1298 1110 1370 1155 eum
1403 1098 1437 1155 et
1462 1108 1626 1155 removere
1654 1095 1686 1153 et
1712 1086 1872 1174 adpellere
1893 1088 2027 1177 scaphas
2048 1088 2083 1153 in

271 1204 420 1293 expedito
443 1207 539 1280 esset,
572 1197 614 1263 ad
642 1218 750 1262 euram
772 1203 902 1262 semet
922 1198 1026 1283 ipsos
1047 1196 1185 1262 tuendi
1207 1196 1250 1262 ab
1273 1216 1369 1283 opere
1391 1201 1625 1262 converterant:
1659 1201 1692 1260 61
1724 1214 1787 1279 quo
1820 1194 1945 1278 longius
1979 1195 2080 1259 moles

269 1312 427 1397 agebatur
461 1329 481 1373 a
513 1306 613 1386 litore,
647 1306 709 1369 hoc
740 1304 856 1387 magis,
887 1302 1043 1389 quidquid
1075 1303 1287 1388 ingerebatur,
1318 1302 1496 1389 praealtam
1529 1300 1722 1366 absorbebat
1756 1319 1852 1365 mars.
1889 1298 1947 1381 IV,
1976 1302 2006 1381 2,
2029 1303 2084 1368 22.

270 1418 440 1483 Sacrum
473 1431 606 1499 quoquc,
639 1408 727 1496 quod
750 1407 898 1494 equidem
929 1407 979 1473 dis
1007 1409 1138 1475 minime
1166 1408 1255 1474 cordi
1277 1429 1347 1474 esse
1373 1407 1571 1488 crediderim,
1601 1407 1710 1472 multis
1731 1407 1846 1472 seculis
1867 1406 2082 1472 intermissum

272 1519 466 1609 repetendi
489 1526 664 1584 auctores
686 1514 816 1602 quidem
838 1522 937 1597 erant,
969 1522 1006 1580 ut
1038 1516 1195 1601 ingenuus
1225 1536 1305 1602 puer
1337 1514 1473 1580 Saturno
1504 1515 1736 1579 immolaretur:
1770 1512 1858 1599 quod
1880 1514 2081 1598 saerilegium

271 1629 375 1694 verim
396 1647 494 1713 quem
515 1645 643 1691 sacrum
658 1621 937 1705 Carthaginienses
952 1642 973 1684 a
987 1620 1204 1687 conditoribus
1217 1621 1370 1687 aedium
1390 1640 1491 1706 usque
1512 1619 1556 1683 ad
1577 1618 1739 1686 excidium
1761 1620 1850 1685 urbis
1871 1640 1950 1686 suae
1971 1620 2082 1687 fecisse

197 1770 201 1781 .
270 1735 430 1800 dicuntur.
466 1732 522 1813 Ν,
550 1734 581 1813 3,
613 1733 666 1796 23.
714 1726 818 1794 Credo
853 1727 954 1793 libero
985 1736 1186 1795 conmeantes
1207 1729 1543 1815 marisaepiusqne
1566 1725 1758 1791 adeundo
1782 1727 1921 1792 ceteris
1944 1728 2089 1812 incog-

272 1841 310 1905 ui
319 1848 376 1904 tas
399 1846 436 1905 te
446 1858 527 1903 rras
548 1836 683 1922 elegisse
697 1834 766 1900 aire
787 1833 879 1899 sedes
902 1835 1067 1917 iuventuti,
1089 1856 1153 1921 qua
1174 1842 1250 1900 tune
1271 1832 1487 1915 abundabant,
1510 1834 1578 1898 alre
1600 1833 1675 1917 quis
1693 1832 1812 1898 crebris
1827 1831 1968 1897 motibus
1982 1840 2087 1899 terrae

274 1982 313 1994 -
336 1967 412 2012 nam
434 1947 495 2010 hoc
516 1964 642 2030 quoquc
663 1940 800 2006 traditur
825 1975 865 1988 -
889 1942 1025 2007 cultores
1046 1943 1116 2007 eius
1142 1942 1266 2027 latigsti
1295 1961 1380 2007 nova
1408 1948 1441 2006 et
1469 1946 1603 2005 externa
1632 1937 1794 2004 domicilia
1826 1939 1923 2003 armis
1955 1938 2085 2005 sibimet

270 2073 422 2138 quaerere
455 2050 657 2135 cogebantur.
692 2047 752 2129 IV,
775 2049 806 2128 4,
831 2049 884 2112 20.
930 2046 994 2112 Per
1026 2048 1108 2111 talos
1141 2048 1226 2113 enim
1256 2047 1405 2134 spirantis
1434 2047 1504 2111 lore
1532 2045 1663 2110 traiecta
1694 2053 1768 2110 sunt
1790 2046 2020 2131 religatumque
2041 2044 2085 2109 ad

271 2178 399 2221 currum
420 2165 547 2222 uexere
570 2156 652 2220 circa
671 2155 786 2219 urbem
808 2154 881 2238 equi
903 2153 1058 2237 gloriante
1080 2172 1164 2238 rege,
1194 2152 1350 2234 Achillen,
1383 2175 1403 2216 a
1425 2172 1489 2237 quo
1510 2172 1612 2237 genus
1634 2152 1702 2238 ipse
1725 2151 1904 2232 deduceret,
1927 2152 2086 2216 imitatum

274 2283 309 2327 se
331 2282 400 2328 esse
421 2282 544 2349 poena
565 2262 601 2326 in
627 2262 788 2326 hostem
812 2258 1003 2346 capienda
1028 2259 1085 2341 IV,
1108 2261 1139 2342 6,
1155 2262 1207 2327 29.
1255 2259 1321 2325 Sed
1333 2260 1445 2343 ingens
1460 2257 1577 2344 cupido
1593 2259 1734 2323 animum
1748 2258 2084 2322 stimulabatIovem

272 2367 463 2449 adeundi,
487 2389 580 2453 quem
602 2368 727 2452 generis
750 2366 800 2430 sui
823 2373 985 2431 auctorem
1007 2364 1094 2429 haud
1117 2373 1283 2430 contentus
1305 2365 1432 2430 mortali
1447 2364 1571 2449 lastigie
1588 2371 1644 2429 aut
1658 2363 1808 2430 credebat
1830 2384 1900 2430 esse
1924 2371 1980 2429 aut
2002 2362 2089 2430 credi

272 2474 409 2540 uolebat.
443 2474 501 2554 Ν,
534 2477 565 2554 t,
593 2474 623 2539 8.
669 2472 758 2538 Nihil
790 2473 925 2559 amplius
959 2472 1161 2557 quaesierunt
1193 2492 1299 2557 quam,
1333 2493 1375 2536 an
1408 2478 1557 2535 auctor
1589 2479 1673 2536 esset
1695 2470 1756 2536 sibi
1778 2470 1894 2535 divinis
1916 2470 2092 2537 honoribus

275 2577 428 2644 colendi
450 2599 557 2644 suurn
578 2599 717 2665 regem.
740 2579 798 2660 Ν,
811 2583 842 2661 7,
856 2580 909 2645 28.
955 2577 1080 2665 (lupide
1102 2577 1190 2642 haud
1212 2578 1331 2642 iniusta
1344 2577 1482 2663 quidem,
1505 2585 1645 2642 cetemm
1667 2578 1890 2665 intempestiva
1910 2578 2089 2660 incesserat,

270 2704 334 2750 non
356 2685 504 2752 interiora
525 2685 621 2751 modo
643 2684 797 2773 Aegypti,
822 2685 880 2751 sed
903 2686 999 2751 etiam
1013 2684 1219 2771 Aethiopiam
1233 2685 1383 2750 inrisere:
1406 2683 1585 2750 Memnonis
1600 2683 1794 2769 Tithonique
1817 2684 1975 2749 celebrata
1997 2685 2088 2769 regia

270 2791 593 2875 cognoscendae
616 2792 823 2857 vetustatis
846 2791 998 2856 avidum
1019 2791 1167 2856 trahebat
1180 2812 1281 2878 paene
1295 2798 1388 2855 extm
1401 2791 1552 2855 terminos
1567 2790 1653 2856 solis.
1677 2789 1734 2870 IV,
1758 2791 1788 2871 8,
1811 2792 1842 2855 3.
1888 2787 1935 2854 At
1949 2789 2086 2871 Dareus,

270 2916 344 2960 cum
357 2895 507 2983 Aegypto
530 2896 703 2961 deuertisse
724 2898 757 2960 in
779 2895 920 2963 Africam
943 2899 1067 2963 hostem
1090 2898 1303 2985 comperisset,
1327 2894 1541 2980 dubitaverat,
1562 2902 1710 2960 uhumne
1725 2895 1809 2960 cirea
1822 2894 2088 2983 Mesopotamiam

272 3002 467 3083 subsisteret,
490 3023 532 3065 an
554 3002 704 3066 interiora
725 3004 815 3088 regni
838 3006 887 3070 aui
908 3011 1040 3091 peteret,
1063 3003 1271 3069 hauddubie
1293 3004 1452 3090 potentior
1474 3010 1604 3069 auctor
1630 3024 1780 3090 praesens
1809 3003 1934 3068 futurus
1962 3004 2083 3070 ultimis

270 3107 418 3192 gentibus
439 3108 575 3196 impigre
597 3109 749 3176 bellum
777 3111 1013 3199 capessendi,
1047 3131 1127 3196 quas
1160 3130 1256 3195 aegre
1287 3131 1346 3197 per
1371 3110 1546 3197 praefectos
1576 3130 1652 3174 suos
1684 3110 1882 3176 moliebatur.
1918 3109 1976 3191 IV,
2000 3113 2030 3192 9,
2057 3115 2087 3179 1.

268 3213 340 3280 Iam
363 3216 527 3282 consilium
548 3214 728 3281 Alexandri
751 3217 843 3282 dolor
864 3218 999 3282 vicerat:
1028 3225 1069 3300 et,
1092 3238 1133 3284 ne
1155 3237 1252 3281 eura
1274 3215 1529 3303 recuperandi
1554 3237 1627 3280 sua
1648 3217 1783 3281 militem
1807 3237 1826 3279 a
1847 3216 1970 3302 proelio
1993 3238 2084 3283 aver·

269 3328 359 3403 teret,
381 3343 446 3387 non
467 3324 624 3388 immerito
647 3321 827 3386 verebatur.
849 3322 906 3402 Ν,
931 3325 982 3403 15,
1007 3325 1059 3390 13.
1104 3321 1151 3388 At
1173 3324 1227 3409 qui
1249 3323 1282 3388 in
1304 3324 1396 3388 laevo
1420 3343 1517 3388 cornu
1538 3329 1628 3387 erant
1648 3321 1776 3402 Persas,
1805 3343 1862 3407 ape
1889 3343 1984 3408 posse
2005 3343 2079 3389 eum

268 3428 397 3510 includi,
419 3450 536 3514 agmen
557 3450 650 3494 suum
673 3449 693 3492 a
715 3437 805 3513 tergo
828 3426 1009 3491 dimicantis
1032 3440 1211 3514 opponunt:
1234 3431 1409 3515 ingensque
1422 3429 1597 3517 periculum
1614 3428 1648 3494 in
1670 3428 1777 3494 medio
1800 3429 1933 3494 haerens
1956 3428 2083 3512 adisset,

269 3533 304 3594 ni
336 3533 458 3615 equites
490 3533 625 3616 Agriani
659 3535 834 3600 calcaribus
868 3532 1007 3599 subditis
1042 3534 1247 3600 circumfusos
1279 3538 1348 3620 rcgi
1376 3536 1529 3601 barbaros
1558 3534 1663 3600 adorti
1692 3542 1796 3601 esseut
1825 3556 2086 3622 aversosque

273 3634 461 3701 caedendo
483 3638 517 3700 in
538 3658 574 3701 se
596 3638 719 3704 obverti
742 3641 926 3724 coegissent.
962 3640 1019 3722 IV,
1044 3643 1095 3722 15,
1117 3643 1170 3707 21.
1213 3641 1333 3726 Magna
1354 3662 1428 3729 pars
1442 3642 1694 3729 Babyloniomm
1717 3643 1903 3708 constiterat
1924 3643 1957 3706 in
1979 3644 2081 3708 muris

270 3742 384 3807 avida
406 3742 658 3828 cognoscendi
680 3765 816 3810 uorum
839 3766 981 3831 regem,
1003 3748 1109 3833 pluras
1132 3748 1261 3812 obviam
1284 3749 1402 3832 egressi
1424 3755 1507 3814 sunt.
1530 3747 1571 3829 V,
1599 3751 1629 3829 1,
1655 3749 1705 3813 19.
1751 3748 1857 3814 Subiit
1879 3769 1955 3834 ergo
1979 3770 2087 3834 regem

268 3849 516 3915 verecundia
538 3850 726 3916 violandi
748 3851 962 3938 hospitales
986 3852 1090 3935 deos,
1113 3854 1241 3940 iamque
1255 3854 1390 3919 subduci
1411 3854 1551 3935 iubebat,
1576 3875 1648 3919 cum
1669 3854 1830 3919 Philotas:
1852 3854 1986 3921 Minime
2009 3875 2084 3921 vero

268 3953 348 4021 haec
378 3956 497 4038 feceris,
531 3978 599 4039 rex,
632 3957 691 4023 sed
723 3978 817 4024 omen
842 3979 969 4045 quoque
992 3961 1109 4048 accipe,
1137 3981 1289 4043 mensam,
1312 3983 1355 4027 eu
1376 3982 1440 4047 qua
1460 3962 1573 4027 libavit
1594 3961 1695 4026 hostis
1719 3962 1838 4048 epulas,
1860 3962 1923 4027 tuis
1945 3961 2081 4049 pedibus

270 4081 337 4127 esse
359 4062 543 4128 subiectam.
578 4063 619 4145 V,
643 4066 672 4145 2,
698 4067 749 4131 15.
794 4064 859 4130 Sed
891 4087 950 4132 rex
979 4066 1124 4133 deserere
1142 4069 1259 4133 milites
1282 4070 1456 4156 insepultos
1479 4068 1687 4133 erubescebat
1707 4069 1754 4134 ita
1777 4067 1895 4134 tradito
1918 4087 2016 4150 more,
2047 4076 2085 4133 ut

267 4168 324 4232 aix
345 4168 446 4234 ullum
468 4170 602 4235 militiae
624 4177 691 4235 tam
712 4173 866 4239 sollemne
889 4181 972 4239 asset
993 4194 1110 4238 munus
1133 4195 1229 4260 quam
1251 4174 1428 4239 humandi
1451 4195 1551 4241 suos.
1577 4175 1613 4256 V,
1637 4176 1667 4255 4,
1691 4177 1722 4242 3.
1768 4174 1841 4261 Ipse
1857 4195 1984 4241 ourmm
1998 4175 2083 4261 regis

269 4274 459 4358 sequebatur
480 4277 639 4341 occasioni
660 4277 827 4344 imminens
849 4278 1083 4365 adloquendi
1106 4301 1200 4362 eum,
1231 4281 1349 4368 quippe
1377 4282 1471 4348 Bessi
1492 4281 1613 4346 facinus
1635 4290 1865 4369 praesenserat.
1912 4281 1953 4364 V,
1979 4285 2030 4364 11,
2054 4285 2084 4347 2.

268 4373 315 4441 At
335 4378 453 4445 Bessus
483 4381 705 4448 occidendi
732 4387 877 4472 protinus
908 4387 1019 4471 regis
1049 4387 1246 4474 impetum
1274 4395 1408 4474 ceperat.
1444 4386 1485 4470 V,
1511 4388 1615 4469 12,1.
1662 4387 1729 4454 Η16
1763 4409 1889 4476 quoque
1921 4390 1955 4454 in
1987 4387 2084 4453 fidem

268 4492 412 4570 receptus
438 4488 546 4552 multis
574 4492 723 4577 exemplo
752 4492 815 4558 fuit
844 4491 1070 4579 experiendi
1101 4494 1361 4559 elementiam
1391 4495 1486 4579 regis.
1518 4493 1576 4576 Vl,
1604 4498 1634 4577 4,
1662 4497 1715 4562 24.
1762 4495 1855 4562 Haeo
1888 4492 2086 4581 cupidine

267 4590 416 4656 visendi
439 4593 539 4676 regis
561 4615 693 4663 accensa
715 4598 832 4664 finibus
855 4600 946 4682 regni
968 4599 1017 4663 sui
1040 4600 1177 4665 excessit
1202 4607 1245 4680 et,
1279 4621 1352 4664 cum
1383 4600 1471 4665 haud
1503 4603 1612 4688 procul
1642 4602 1777 4682 abesset,
1811 4600 1974 4688 praemisit
1994 4597 2079 4664 indi·

267 4704 381 4779 cantes,
415 4699 539 4766 venisse
572 4705 713 4788 reginam
746 4703 925 4771 adeundi
957 4705 1045 4770 eius
1080 4706 1444 4792 cognoscendique
1477 4707 1614 4774 avidam.
1651 4707 1707 4790 VI,
1730 4710 1761 4788 b,
1784 4709 1837 4772 25.
1882 4704 1957 4771 Nou
1982 4706 2080 4771 aliam

267 4805 460 4888 premendi
482 4808 644 4875 inimici
667 4811 902 4876 occasionem
931 4810 1086 4896 aptiorem
1108 4812 1250 4878 fumram
1271 4820 1367 4894 ratus,
1398 4813 1472 4879 odio
1496 4834 1554 4878 suo
1577 4815 1706 4900 pietatis
1729 4812 1908 4900 praeferens
1931 4811 2077 4899 speciem,

263 4910 395 4993 utinam,
416 4914 526 4999 inquit,
549 4917 582 4981 in
604 4918 759 5005 principio
784 4937 910 5003 quoque
932 4916 1027 4981 huus
1050 4918 1095 4983 rei
1117 4919 1284 4984 nobismm
1306 4919 1525 4985 deliberasses.
1557 4918 1615 5001 Vl,
1639 4922 1668 5001 8,
1692 4922 1723 4983 4.
1767 4916 1831 4983 Sed
1860 4939 1919 4983 rex
1948 4937 2079 4982 manum

264 5016 332 5082 eius
354 5018 499 5102 inhibuit,
524 5022 725 5089 dicendae
747 5025 835 5111 prius
859 5043 1009 5088 causae
1023 5022 1140 5090 debere
1154 5024 1224 5091 fieri
1246 5031 1473 5111 potestatem
1496 5044 1549 5089 reo
1574 5046 1633 5091 nec
1654 5026 1746 5090 aliter
1759 5023 1893 5088 iudicari
1912 5044 2081 5111 passumm
